<collection>
<record>
    <datafield tag="191" ind1=" " ind2=" ">
        <subfield code="a">E/ECWA/AGR/IG.1/11</subfield>
    </datafield>
    <datafield tag="191" ind1=" " ind2=" ">
        <subfield code="a">ARRD/IC/NE/1/10</subfield>
    </datafield>
    <datafield tag="245" ind1=" " ind2=" ">
        <subfield code="a">REPORT OF THE FAO/ECWA REGIONAL INTER-GOVERNMENTAL CONSULTATION ON RURAL DEVELOPMENT IN THE NEAR EAST REGION FOLLOW-UP TO WCARRD HELD IN BAGHDAD REPUBLIC OF IRAQ 3-6 OCTOBER 1983</subfield>
    </datafield>
    <datafield tag="246" ind1=" " ind2=" ">
        <subfield code="a">تقرير المشاورة الاقليمية الحكومية المشتركة بين منظمة الاغذية والزراعة واللجنة الاقتصادية لغربي اسيا بشأن التنمية الريفية في اقليم الشرق الادنى كمتابعة لاعمال المؤتمر العالمي للاصلاح الزراعي والتنمية الريفية بغداد, الجمهورية العراقية 3-6/10/1983</subfield>
    </datafield>
    <datafield tag="269" ind1=" " ind2=" ">
        <subfield code="a">19840131</subfield>
    </datafield>
    <datafield tag="650" ind1=" " ind2=" ">
        <subfield code="a">LAND TENURE</subfield>
        <subfield code="0">(DHLAUTH)268367</subfield>
    </datafield>
    <datafield tag="650" ind1=" " ind2=" ">
        <subfield code="a">RURAL POVERTY</subfield>
        <subfield code="0">(DHLAUTH)269983</subfield>
    </datafield>
    <datafield tag="650" ind1=" " ind2=" ">
        <subfield code="a">ACTIVITIES</subfield>
        <subfield code="0">(DHLAUTH)275823</subfield>
    </datafield>
    <datafield tag="650" ind1=" " ind2=" ">
        <subfield code="a">PARTICIPANTS</subfield>
        <subfield code="0">(DHLAUTH)275785</subfield>
    </datafield>
    <datafield tag="650" ind1=" " ind2=" ">
        <subfield code="a">DOCUMENTS</subfield>
        <subfield code="0">(DHLAUTH)270014</subfield>
    </datafield>
</record>