
<record>
    <datafield tag="191" ind1=" " ind2=" ">
        <subfield code="a">E/ECWA/107</subfield>
    </datafield>
    <datafield tag="245" ind1=" " ind2=" ">
        <subfield code="a">REGIONAL SEMINAR ON ALTERNATIVE PATTERNS OF DEVELOPMENT AND LIFE STYLES IN WESTERN ASIA 21-25 JANUARY 1980. BEIRUT, LEBANON (NOTE OF THE EXECUTIVE SECRETARY)</subfield>
    </datafield>
    <datafield tag="246" ind1=" " ind2=" ">
        <subfield code="a">الندوة الإقليمية حول الأنماط البديلة للتنمية وأساليب الحياة في غربي آسيا 21-25 كانون الثاني/يناير 1980 مذكرة من الأمين التنفيذي</subfield>
    </datafield>
    <datafield tag="269" ind1=" " ind2=" ">
        <subfield code="a">19800401</subfield>
    </datafield>
    <datafield tag="650" ind1=" " ind2=" ">
        <subfield code="a">CONFERENCES</subfield>
        <subfield code="0">(DHLAUTH)275758</subfield>
    </datafield>
    <datafield tag="650" ind1=" " ind2=" ">
        <subfield code="a">SOCIAL DEVELOPMENT</subfield>
        <subfield code="0">(DHLAUTH)269873</subfield>
    </datafield>
    <datafield tag="650" ind1=" " ind2=" ">
        <subfield code="a">INDUSTRIAL DEVELOPMENT</subfield>
        <subfield code="0">(DHLAUTH)269918</subfield>
    </datafield>
    <datafield tag="650" ind1=" " ind2=" ">
        <subfield code="a">QUALITY OF LIFE</subfield>
        <subfield code="0">(DHLAUTH)270692</subfield>
    </datafield>
    <datafield tag="FFT" ind1=" " ind2=" ">
        <subfield code="a">http://undhl-dgacm.s3.amazonaws.com/Drop%2FESCWA_special%2Ftemp_id_6011%2FE_ECWA_107-AR.pdf</subfield>
        <subfield code="d">العربية</subfield>
        <subfield code="n">E_ECWA_107-AR.pdf</subfield>
    </datafield>
    <datafield tag="FFT" ind1=" " ind2=" ">
        <subfield code="a">http://undhl-dgacm.s3.amazonaws.com/Drop%2FESCWA_special%2Ftemp_id_6011%2FE_ECWA_107-EN.pdf</subfield>
        <subfield code="d">English</subfield>
        <subfield code="n">E_ECWA_107-EN.pdf</subfield>
    </datafield>
</record>