
<record>
    <datafield tag="191" ind1=" " ind2=" ">
        <subfield code="a">E/ECWA/108</subfield>
    </datafield>
    <datafield tag="245" ind1=" " ind2=" ">
        <subfield code="a">FOLLOW UP AT THE REGIONAL LEVEL TO UNITED NATIONS WORLD CONFERENCES AND ECWA REGIONAL MEETINGS</subfield>
    </datafield>
    <datafield tag="246" ind1=" " ind2=" ">
        <subfield code="a">متابعة المؤتمرات العالمية للأمم المتحدة على الصعيد الإقليمي و الإجتماعات الإقليمية للجنة - مذكرة من الأمين التنفيذي</subfield>
    </datafield>
    <datafield tag="269" ind1=" " ind2=" ">
        <subfield code="a">19800409</subfield>
    </datafield>
    <datafield tag="650" ind1=" " ind2=" ">
        <subfield code="a">SOCIAL DEVELOPMENT</subfield>
        <subfield code="0">(DHLAUTH)269873</subfield>
    </datafield>
    <datafield tag="650" ind1=" " ind2=" ">
        <subfield code="a">ECONOMIC DEVELOPMENT</subfield>
        <subfield code="0">(DHLAUTH)269755</subfield>
    </datafield>
    <datafield tag="650" ind1=" " ind2=" ">
        <subfield code="a">REGIONAL COMMISSIONS</subfield>
        <subfield code="0">(DHLAUTH)269969</subfield>
    </datafield>
    <datafield tag="FFT" ind1=" " ind2=" ">
        <subfield code="a">http://undhl-dgacm.s3.amazonaws.com/Drop%2FESCWA_special%2Ftemp_id_6012%2FE_ECWA_108-AR.pdf</subfield>
        <subfield code="d">العربية</subfield>
        <subfield code="n">E_ECWA_108-AR.pdf</subfield>
    </datafield>
    <datafield tag="FFT" ind1=" " ind2=" ">
        <subfield code="a">http://undhl-dgacm.s3.amazonaws.com/Drop%2FESCWA_special%2Ftemp_id_6012%2FE_ECWA_108-EN.pdf</subfield>
        <subfield code="d">English</subfield>
        <subfield code="n">E_ECWA_108-EN.pdf</subfield>
    </datafield>
</record>