
<record>
    <datafield tag="191" ind1=" " ind2=" ">
        <subfield code="a">E/ECWA/121/ADD.1</subfield>
    </datafield>
    <datafield tag="245" ind1=" " ind2=" ">
        <subfield code="a">INTERGOVERNMENTAL MEETING ON THE DEVELOPMENT OF AN INTEGRATED TRANSPORT SYSTEM FOR WESTERN ASIA. FINAL REPORT OF ECWA'S INTERGOVERNMENTAL MEETING ON THE DEVELOPMENT OF AN INTEGRATED TRANSPORT SYSTEM FOR WESTERN ASIA</subfield>
    </datafield>
    <datafield tag="246" ind1=" " ind2=" ">
        <subfield code="a">الاجتماع المشترك بين الحكومات لتطوير نظام نقل متكامل لغربي آسيا التقرير النهائي عن الاجتماع المشترك بين الحكومات المنبثق عن اللجنة لتطوير نظام نقل متكامل لغربي آسيا</subfield>
    </datafield>
    <datafield tag="269" ind1=" " ind2=" ">
        <subfield code="a">19810504</subfield>
    </datafield>
    <datafield tag="650" ind1=" " ind2=" ">
        <subfield code="a">CONFERENCES</subfield>
        <subfield code="0">(DHLAUTH)275758</subfield>
    </datafield>
    <datafield tag="650" ind1=" " ind2=" ">
        <subfield code="a">REGIONAL COOPERATION</subfield>
        <subfield code="0">(DHLAUTH)268656</subfield>
    </datafield>
    <datafield tag="650" ind1=" " ind2=" ">
        <subfield code="a">TRANSPORT SYSTEMS</subfield>
        <subfield code="0">(DHLAUTH)268907</subfield>
    </datafield>
    <datafield tag="FFT" ind1=" " ind2=" ">
        <subfield code="a">http://undhl-dgacm.s3.amazonaws.com/Drop%2FESCWA_special%2Ftemp_id_6045%2FE_ECWA_121_ADD.1-AR.pdf</subfield>
        <subfield code="d">العربية</subfield>
        <subfield code="n">E_ECWA_121_ADD-1-AR.pdf</subfield>
    </datafield>
    <datafield tag="FFT" ind1=" " ind2=" ">
        <subfield code="a">http://undhl-dgacm.s3.amazonaws.com/Drop%2FESCWA_special%2Ftemp_id_6045%2FE_ECWA_121_ADD.1-EN.pdf</subfield>
        <subfield code="d">English</subfield>
        <subfield code="n">E_ECWA_121_ADD-1-EN.pdf</subfield>
    </datafield>
</record>