
<record>
    <datafield tag="191" ind1=" " ind2=" ">
        <subfield code="a">E/ECWA/13/CORR.1</subfield>
    </datafield>
    <datafield tag="245" ind1=" " ind2=" ">
        <subfield code="a">CORRIGENDUM MID-TERM REVIEW AND APPRAISAL OF PROGRESS IN THE IMPLEMENTATION OF THE INTERNATIONAL DEVELOPMENT STRATEGY FOR THE SECOND DEVELOPMENT DECADE IN COUNTRIES OF WESTERN ASIA</subfield>
    </datafield>
    <datafield tag="269" ind1=" " ind2=" ">
        <subfield code="a">19750428</subfield>
    </datafield>
    <datafield tag="FFT" ind1=" " ind2=" ">
        <subfield code="a">http://undhl-dgacm.s3.amazonaws.com/Drop%2FESCWA_special%2Ftemp_id_6080%2FE_ECWA_13_CORR.1-EN.pdf</subfield>
        <subfield code="d">English</subfield>
        <subfield code="n">E_ECWA_13_CORR-1-EN.pdf</subfield>
    </datafield>
</record>