
<record>
    <datafield tag="191" ind1=" " ind2=" ">
        <subfield code="a">E/ECWA/163</subfield>
    </datafield>
    <datafield tag="245" ind1=" " ind2=" ">
        <subfield code="a">REPORT ON THE ACTIVITIES OF THE COMMISSION: FOLLOW-UP ACTION ON THE RESOLUTIONS OF THE COMMISSION (NOTE BY THE EXECUTIVE SECRETARY)</subfield>
    </datafield>
    <datafield tag="246" ind1=" " ind2=" ">
        <subfield code="a">تقرير عن نشاطات اللجنة التدابير المتخذة لمتابعة قرارات اللجنة مذكرة من الأمين التنفيذي</subfield>
    </datafield>
    <datafield tag="269" ind1=" " ind2=" ">
        <subfield code="a">19830409</subfield>
    </datafield>
    <datafield tag="650" ind1=" " ind2=" ">
        <subfield code="a">RESOLUTIONS AND DECISIONS</subfield>
        <subfield code="0">(DHLAUTH)275677</subfield>
    </datafield>
    <datafield tag="650" ind1=" " ind2=" ">
        <subfield code="a">FOOD SECURITY</subfield>
        <subfield code="0">(DHLAUTH)273653</subfield>
    </datafield>
    <datafield tag="650" ind1=" " ind2=" ">
        <subfield code="a">POPULATION CENSUSES</subfield>
        <subfield code="0">(DHLAUTH)270178</subfield>
    </datafield>
    <datafield tag="650" ind1=" " ind2=" ">
        <subfield code="a">YEMEN</subfield>
        <subfield code="0">(DHLAUTH)273521</subfield>
    </datafield>
    <datafield tag="650" ind1=" " ind2=" ">
        <subfield code="a">YOUTH</subfield>
        <subfield code="0">(DHLAUTH)269401</subfield>
    </datafield>
    <datafield tag="650" ind1=" " ind2=" ">
        <subfield code="a">FLOODS</subfield>
        <subfield code="0">(DHLAUTH)274408</subfield>
    </datafield>
    <datafield tag="650" ind1=" " ind2=" ">
        <subfield code="a">AGEING</subfield>
        <subfield code="0">(DHLAUTH)273056</subfield>
    </datafield>
    <datafield tag="650" ind1=" " ind2=" ">
        <subfield code="a">PALESTINE</subfield>
        <subfield code="0">(DHLAUTH)277398</subfield>
    </datafield>
    <datafield tag="FFT" ind1=" " ind2=" ">
        <subfield code="a">http://undhl-dgacm.s3.amazonaws.com/Drop%2FESCWA_special%2Ftemp_id_6116%2FE_ECWA_163-AR.pdf</subfield>
        <subfield code="d">العربية</subfield>
        <subfield code="n">E_ECWA_163-AR.pdf</subfield>
    </datafield>
    <datafield tag="FFT" ind1=" " ind2=" ">
        <subfield code="a">http://undhl-dgacm.s3.amazonaws.com/Drop%2FESCWA_special%2Ftemp_id_6116%2FE_ECWA_163-EN.pdf</subfield>
        <subfield code="d">English</subfield>
        <subfield code="n">E_ECWA_163-EN.pdf</subfield>
    </datafield>
</record>