
<record>
    <datafield tag="191" ind1=" " ind2=" ">
        <subfield code="a">E/ECWA/169/ADD.1/CORR.2</subfield>
    </datafield>
    <datafield tag="245" ind1=" " ind2=" ">
        <subfield code="a">THE FINANCIAL STATUS OF THE COMMISSION'S PROGRAMMES: THE STRENGTHENING OF THE TRUST FUND FOR ECWA REGIONAL ACTIVITIES CORRIGENDUM</subfield>
    </datafield>
    <datafield tag="269" ind1=" " ind2=" ">
        <subfield code="a">19830505</subfield>
    </datafield>
    <datafield tag="650" ind1=" " ind2=" ">
        <subfield code="a">PROGRAMME BUDGETING</subfield>
        <subfield code="0">(DHLAUTH)270055</subfield>
    </datafield>
    <datafield tag="650" ind1=" " ind2=" ">
        <subfield code="a">EXTRABUDGETARY FINANCING</subfield>
        <subfield code="0">(DHLAUTH)275753</subfield>
    </datafield>
    <datafield tag="650" ind1=" " ind2=" ">
        <subfield code="a">TRUST FUNDS</subfield>
        <subfield code="0">(DHLAUTH)270424</subfield>
    </datafield>
    <datafield tag="650" ind1=" " ind2=" ">
        <subfield code="a">FINANCIAL STATEMENTS</subfield>
        <subfield code="0">(DHLAUTH)270260</subfield>
    </datafield>
    <datafield tag="FFT" ind1=" " ind2=" ">
        <subfield code="a">http://undhl-dgacm.s3.amazonaws.com/Drop%2FESCWA_special%2Ftemp_id_6128%2FE_ECWA_169_ADD.1_CORR.2-EN.pdf</subfield>
        <subfield code="d">English</subfield>
        <subfield code="n">E_ECWA_169_ADD-1_CORR-2-EN.pdf</subfield>
    </datafield>
</record>