
<record>
    <datafield tag="191" ind1=" " ind2=" ">
        <subfield code="a">E/ECWA/21/ PART.2</subfield>
    </datafield>
    <datafield tag="245" ind1=" " ind2=" ">
        <subfield code="a">MID-TERM REVIEW AND APPRAISAL OF PROGRESS IN THE IMPLEMENTATION OF THE INTERNATIONAL DEVELOPMENT STRATEGY FOR THE SECOND DEVELOPMENT DECADE IN COUNTRIES OF WESTERN ASIA: HIGHLIGHTS OF OVERALL REVIEW OF GROWTH PERFORMANCE AND SECTORAL TRENDS AND DEVELOPMENT ISSUES</subfield>
    </datafield>
    <datafield tag="246" ind1=" " ind2=" ">
        <subfield code="a">دراسة وتقييم التقدم الحاصل في تنفيذ نصف العقد الإنمائي الثاني من الإستراتيجية الإنمائية الدولية في بلدان غربي آسيا (البند 6 من جدول الأعمال المؤقت: أضواء على المراجعة الشاملة للنمو المحقق وعلى الإتجاهات القطاعية وقضايا الإنماء</subfield>
    </datafield>
    <datafield tag="269" ind1=" " ind2=" ">
        <subfield code="a">19750414</subfield>
    </datafield>
    <datafield tag="650" ind1=" " ind2=" ">
        <subfield code="a">DEVELOPMENT STRATEGIES</subfield>
        <subfield code="0">(DHLAUTH)269884</subfield>
    </datafield>
    <datafield tag="650" ind1=" " ind2=" ">
        <subfield code="a">ECONOMIC GROWTH</subfield>
        <subfield code="0">(DHLAUTH)269754</subfield>
    </datafield>
    <datafield tag="650" ind1=" " ind2=" ">
        <subfield code="a">ECONOMIC ANALYSIS</subfield>
        <subfield code="0">(DHLAUTH)269649</subfield>
    </datafield>
    <datafield tag="FFT" ind1=" " ind2=" ">
        <subfield code="a">http://undhl-dgacm.s3.amazonaws.com/Drop%2FESCWA_special%2Ftemp_id_6142%2FE_ECWA_21_%20PART.2-AR.pdf</subfield>
        <subfield code="d">العربية</subfield>
        <subfield code="n">E_ECWA_21_PART-2-AR.pdf</subfield>
    </datafield>
    <datafield tag="FFT" ind1=" " ind2=" ">
        <subfield code="a">http://undhl-dgacm.s3.amazonaws.com/Drop%2FESCWA_special%2Ftemp_id_6142%2FE_ECWA_21_%20PART.2-EN.pdf</subfield>
        <subfield code="d">English</subfield>
        <subfield code="n">E_ECWA_21_PART-2-EN.pdf</subfield>
    </datafield>
</record>