
<record>
    <datafield tag="191" ind1=" " ind2=" ">
        <subfield code="a">E/ECWA/48/ADD.2</subfield>
    </datafield>
    <datafield tag="245" ind1=" " ind2=" ">
        <subfield code="a">ECWA TRUST FUND FOR REGIONAL ACTIVITIES REPORT OF THE EXECUTIVE SECRETARY</subfield>
    </datafield>
    <datafield tag="246" ind1=" " ind2=" ">
        <subfield code="a">صندوق إستئماني للجنة الإقتصادية لغربي آسيا للأنشطة الاقليمية: تقرير الأمين التنفيذي</subfield>
    </datafield>
    <datafield tag="269" ind1=" " ind2=" ">
        <subfield code="a">19770428</subfield>
    </datafield>
    <datafield tag="650" ind1=" " ind2=" ">
        <subfield code="a">BUDGET CONTRIBUTIONS</subfield>
        <subfield code="0">(DHLAUTH)275750</subfield>
    </datafield>
    <datafield tag="650" ind1=" " ind2=" ">
        <subfield code="a">REGIONAL COOPERATION</subfield>
        <subfield code="0">(DHLAUTH)268656</subfield>
    </datafield>
    <datafield tag="650" ind1=" " ind2=" ">
        <subfield code="a">EXTRABUDGETARY FINANCING</subfield>
        <subfield code="0">(DHLAUTH)275753</subfield>
    </datafield>
    <datafield tag="650" ind1=" " ind2=" ">
        <subfield code="a">TRUST FUNDS</subfield>
        <subfield code="0">(DHLAUTH)270424</subfield>
    </datafield>
    <datafield tag="650" ind1=" " ind2=" ">
        <subfield code="a">LEAST DEVELOPED COUNTRIES</subfield>
        <subfield code="0">(DHLAUTH)269841</subfield>
    </datafield>
    <datafield tag="FFT" ind1=" " ind2=" ">
        <subfield code="a">http://undhl-dgacm.s3.amazonaws.com/Drop%2FESCWA_special%2Ftemp_id_6202%2FE_ECWA_48_ADD.2-AR.pdf</subfield>
        <subfield code="d">العربية</subfield>
        <subfield code="n">E_ECWA_48_ADD-2-AR.pdf</subfield>
    </datafield>
    <datafield tag="FFT" ind1=" " ind2=" ">
        <subfield code="a">http://undhl-dgacm.s3.amazonaws.com/Drop%2FESCWA_special%2Ftemp_id_6202%2FE_ECWA_48_ADD.2-EN.pdf</subfield>
        <subfield code="d">English</subfield>
        <subfield code="n">E_ECWA_48_ADD-2-EN.pdf</subfield>
    </datafield>
</record>