
<record>
    <datafield tag="191" ind1=" " ind2=" ">
        <subfield code="a">E/ECWA/49/CORR.1</subfield>
    </datafield>
    <datafield tag="245" ind1=" " ind2=" ">
        <subfield code="a">CORRIGENDUM</subfield>
    </datafield>
    <datafield tag="269" ind1=" " ind2=" ">
        <subfield code="a">19770414</subfield>
    </datafield>
    <datafield tag="650" ind1=" " ind2=" ">
        <subfield code="a">ECONOMIC COOPERATION</subfield>
        <subfield code="0">(DHLAUTH)268654</subfield>
    </datafield>
    <datafield tag="650" ind1=" " ind2=" ">
        <subfield code="a">TRANSPORT</subfield>
        <subfield code="0">(DHLAUTH)272243</subfield>
    </datafield>
    <datafield tag="650" ind1=" " ind2=" ">
        <subfield code="a">DEVELOPMENT STRATEGIES</subfield>
        <subfield code="0">(DHLAUTH)269884</subfield>
    </datafield>
    <datafield tag="650" ind1=" " ind2=" ">
        <subfield code="a">ECONOMIC INTEGRATION</subfield>
        <subfield code="0">(DHLAUTH)269761</subfield>
    </datafield>
    <datafield tag="650" ind1=" " ind2=" ">
        <subfield code="a">AGRICULTURE</subfield>
        <subfield code="0">(DHLAUTH)271335</subfield>
    </datafield>
    <datafield tag="650" ind1=" " ind2=" ">
        <subfield code="a">SCIENCE AND TECHNOLOGY</subfield>
        <subfield code="0">(DHLAUTH)275209</subfield>
    </datafield>
    <datafield tag="650" ind1=" " ind2=" ">
        <subfield code="a">SOCIAL SERVICES</subfield>
        <subfield code="0">(DHLAUTH)269370</subfield>
    </datafield>
    <datafield tag="650" ind1=" " ind2=" ">
        <subfield code="a">IMPORTS</subfield>
        <subfield code="0">(DHLAUTH)272827</subfield>
    </datafield>
    <datafield tag="650" ind1=" " ind2=" ">
        <subfield code="a">EMPLOYMENT</subfield>
        <subfield code="0">(DHLAUTH)269797</subfield>
    </datafield>
    <datafield tag="650" ind1=" " ind2=" ">
        <subfield code="a">DEVELOPMENT PLANNING</subfield>
        <subfield code="0">(DHLAUTH)269883</subfield>
    </datafield>
    <datafield tag="650" ind1=" " ind2=" ">
        <subfield code="a">HUMAN RESOURCES</subfield>
        <subfield code="0">(DHLAUTH)270571</subfield>
    </datafield>
    <datafield tag="650" ind1=" " ind2=" ">
        <subfield code="a">EXPORTS</subfield>
        <subfield code="0">(DHLAUTH)271798</subfield>
    </datafield>
    <datafield tag="650" ind1=" " ind2=" ">
        <subfield code="a">INVESTMENTS</subfield>
        <subfield code="0">(DHLAUTH)269859</subfield>
    </datafield>
    <datafield tag="650" ind1=" " ind2=" ">
        <subfield code="a">PETROLEUM</subfield>
        <subfield code="0">(DHLAUTH)270472</subfield>
    </datafield>
    <datafield tag="650" ind1=" " ind2=" ">
        <subfield code="a">SOCIAL WELFARE</subfield>
        <subfield code="0">(DHLAUTH)269714</subfield>
    </datafield>
    <datafield tag="650" ind1=" " ind2=" ">
        <subfield code="a">INCOME DISTRIBUTION</subfield>
        <subfield code="0">(DHLAUTH)269628</subfield>
    </datafield>
    <datafield tag="650" ind1=" " ind2=" ">
        <subfield code="a">PRODUCTION</subfield>
        <subfield code="0">(DHLAUTH)269667</subfield>
    </datafield>
    <datafield tag="650" ind1=" " ind2=" ">
        <subfield code="a">MANUFACTURING</subfield>
        <subfield code="0">(DHLAUTH)271821</subfield>
    </datafield>
    <datafield tag="650" ind1=" " ind2=" ">
        <subfield code="a">PRICES</subfield>
        <subfield code="0">(DHLAUTH)269707</subfield>
    </datafield>
    <datafield tag="FFT" ind1=" " ind2=" ">
        <subfield code="a">http://undhl-dgacm.s3.amazonaws.com/Drop%2FESCWA_special%2Ftemp_id_6206%2FE_ECWA_49_CORR.1-EN.pdf</subfield>
        <subfield code="d">English</subfield>
        <subfield code="n">E_ECWA_49_CORR-1-EN.pdf</subfield>
    </datafield>
</record>