
<record>
    <datafield tag="191" ind1=" " ind2=" ">
        <subfield code="a">E/ECWA/60</subfield>
    </datafield>
    <datafield tag="245" ind1=" " ind2=" ">
        <subfield code="a">THA 1978-1979 PROGRAMME BUDGET NOTE OF THE EXECUTIVE SECRETARY</subfield>
    </datafield>
    <datafield tag="246" ind1=" " ind2=" ">
        <subfield code="a">الميزانية البرنامجية لفترة السنتين 1978 - 1979: مذكرة  الأمين التنفيذي</subfield>
    </datafield>
    <datafield tag="269" ind1=" " ind2=" ">
        <subfield code="a">19780330</subfield>
    </datafield>
    <datafield tag="650" ind1=" " ind2=" ">
        <subfield code="a">BUDGET</subfield>
        <subfield code="0">(DHLAUTH)270085</subfield>
    </datafield>
    <datafield tag="650" ind1=" " ind2=" ">
        <subfield code="a">WORK PROGRAMME</subfield>
        <subfield code="0">(DHLAUTH)275800</subfield>
    </datafield>
    <datafield tag="650" ind1=" " ind2=" ">
        <subfield code="a">WESTERN ASIA</subfield>
        <subfield code="0">(DHLAUTH)275490</subfield>
    </datafield>
    <datafield tag="FFT" ind1=" " ind2=" ">
        <subfield code="a">http://undhl-dgacm.s3.amazonaws.com/Drop%2FESCWA_special%2Ftemp_id_6234%2FE_ECWA_60-AR.pdf</subfield>
        <subfield code="d">العربية</subfield>
        <subfield code="n">E_ECWA_60-AR.pdf</subfield>
    </datafield>
    <datafield tag="FFT" ind1=" " ind2=" ">
        <subfield code="a">http://undhl-dgacm.s3.amazonaws.com/Drop%2FESCWA_special%2Ftemp_id_6234%2FE_ECWA_60-EN.pdf</subfield>
        <subfield code="d">English</subfield>
        <subfield code="n">E_ECWA_60-EN.pdf</subfield>
    </datafield>
</record>