
<record>
    <datafield tag="191" ind1=" " ind2=" ">
        <subfield code="a">E/ECWA/AGRI/79/2</subfield>
    </datafield>
    <datafield tag="245" ind1=" " ind2=" ">
        <subfield code="a">STRATEGY FOR LIVESTOCK DEVELOPMENT IN THE GULF STATES AND ARABIAN PENINSULA</subfield>
    </datafield>
    <datafield tag="269" ind1=" " ind2=" ">
        <subfield code="a">19790401</subfield>
    </datafield>
    <datafield tag="650" ind1=" " ind2=" ">
        <subfield code="a">LIVESTOCK</subfield>
        <subfield code="0">(DHLAUTH)270964</subfield>
    </datafield>
    <datafield tag="650" ind1=" " ind2=" ">
        <subfield code="a">MILITARY STRATEGY</subfield>
        <subfield code="0">(DHLAUTH)268885</subfield>
    </datafield>
    <datafield tag="650" ind1=" " ind2=" ">
        <subfield code="a">GULF STATES</subfield>
        <subfield code="0">(DHLAUTH)275605</subfield>
    </datafield>
    <datafield tag="650" ind1=" " ind2=" ">
        <subfield code="a">WESTERN ASIA</subfield>
        <subfield code="0">(DHLAUTH)275490</subfield>
    </datafield>
    <datafield tag="650" ind1=" " ind2=" ">
        <subfield code="a">MARKETING</subfield>
        <subfield code="0">(DHLAUTH)271371</subfield>
    </datafield>
    <datafield tag="650" ind1=" " ind2=" ">
        <subfield code="a">CREDIT</subfield>
        <subfield code="0">(DHLAUTH)270240</subfield>
    </datafield>
    <datafield tag="650" ind1=" " ind2=" ">
        <subfield code="a">SUBSIDIES</subfield>
        <subfield code="0">(DHLAUTH)270098</subfield>
    </datafield>
</record>