
<record>
    <datafield tag="191" ind1=" " ind2=" ">
        <subfield code="a">E/ECWA/AGR/WG.12/23</subfield>
    </datafield>
    <datafield tag="245" ind1=" " ind2=" ">
        <subfield code="a">SPRINKLER AND GRAVITY IRRIGATION ARE BASICALLY COMPLEMENTARY SOME PRACTICAL WAYS TO IMPROVE WATER MANAGEMENT IN THE ARID ZONES</subfield>
    </datafield>
    <datafield tag="269" ind1=" " ind2=" ">
        <subfield code="a">19810510</subfield>
    </datafield>
    <datafield tag="650" ind1=" " ind2=" ">
        <subfield code="a">WATER MANAGEMENT</subfield>
        <subfield code="0">(DHLAUTH)270919</subfield>
    </datafield>
    <datafield tag="650" ind1=" " ind2=" ">
        <subfield code="a">ARID ZONES</subfield>
        <subfield code="0">(DHLAUTH)270705</subfield>
    </datafield>
</record>