
<record>
    <datafield tag="191" ind1=" " ind2=" ">
        <subfield code="a">E/ECWA/AGR/WG.12/30</subfield>
    </datafield>
    <datafield tag="245" ind1=" " ind2=" ">
        <subfield code="a">EROSION CONTROL, SOIL CONSERVATION AND DEVELOPMENT OF AGRICULTURAL, PASTORAL AND FORESTRY RESOURCES (MACRO AND MICRO-ECONOMIC ASPECTS)</subfield>
    </datafield>
    <datafield tag="246" ind1=" " ind2=" ">
        <subfield code="a">مقاومة الانجراف وحفظ التربة وتنميةالموارد الحرجية والمراعي</subfield>
    </datafield>
    <datafield tag="269" ind1=" " ind2=" ">
        <subfield code="a">19810513</subfield>
    </datafield>
    <datafield tag="650" ind1=" " ind2=" ">
        <subfield code="a">FARMS</subfield>
        <subfield code="0">(DHLAUTH)268300</subfield>
    </datafield>
    <datafield tag="650" ind1=" " ind2=" ">
        <subfield code="a">SOIL CONSERVATION</subfield>
        <subfield code="0">(DHLAUTH)270588</subfield>
    </datafield>
    <datafield tag="650" ind1=" " ind2=" ">
        <subfield code="a">SOIL EROSION</subfield>
        <subfield code="0">(DHLAUTH)270906</subfield>
    </datafield>
    <datafield tag="650" ind1=" " ind2=" ">
        <subfield code="a">AGRICULTURAL PRODUCTION</subfield>
        <subfield code="0">(DHLAUTH)269670</subfield>
    </datafield>
    <datafield tag="650" ind1=" " ind2=" ">
        <subfield code="a">ANIMAL FEED</subfield>
        <subfield code="0">(DHLAUTH)271635</subfield>
    </datafield>
    <datafield tag="650" ind1=" " ind2=" ">
        <subfield code="a">WESTERN ASIA</subfield>
        <subfield code="0">(DHLAUTH)275490</subfield>
    </datafield>
</record>