
<record>
    <datafield tag="191" ind1=" " ind2=" ">
        <subfield code="a">E/ECWA/AGR/WG.12/INF.3/REV.1</subfield>
    </datafield>
    <datafield tag="245" ind1=" " ind2=" ">
        <subfield code="a">LIST OF DOCUMENTS, EXPERT MEETING ON MANAGEMENT, CONSERVATION AND DEVELOPMENT OF AGRICULTURAL RESOURCES IN THE ECWA REGION 9-15 MAY 1981 DAMASCUS, SYRIAN ARAB REPUBLIC</subfield>
    </datafield>
    <datafield tag="269" ind1=" " ind2=" ">
        <subfield code="a">19810515</subfield>
    </datafield>
    <datafield tag="650" ind1=" " ind2=" ">
        <subfield code="a">DOCUMENTS</subfield>
        <subfield code="0">(DHLAUTH)270014</subfield>
    </datafield>
    <datafield tag="650" ind1=" " ind2=" ">
        <subfield code="a">WESTERN ASIA</subfield>
        <subfield code="0">(DHLAUTH)275490</subfield>
    </datafield>
    <datafield tag="650" ind1=" " ind2=" ">
        <subfield code="a">CONFERENCES</subfield>
        <subfield code="0">(DHLAUTH)275758</subfield>
    </datafield>
</record>