
<record>
    <datafield tag="191" ind1=" " ind2=" ">
        <subfield code="a">E/ECWA/AGR/WG.14/8</subfield>
    </datafield>
    <datafield tag="245" ind1=" " ind2=" ">
        <subfield code="a">RURAL DEVELOPMENT PROJECTS IN EGYPT : REVIEW OF EXPERIENCE</subfield>
    </datafield>
    <datafield tag="269" ind1=" " ind2=" ">
        <subfield code="a">19830901</subfield>
    </datafield>
    <datafield tag="650" ind1=" " ind2=" ">
        <subfield code="a">RURAL DEVELOPMENT</subfield>
        <subfield code="0">(DHLAUTH)269872</subfield>
    </datafield>
    <datafield tag="650" ind1=" " ind2=" ">
        <subfield code="a">POULTRY</subfield>
        <subfield code="0">(DHLAUTH)271658</subfield>
    </datafield>
    <datafield tag="650" ind1=" " ind2=" ">
        <subfield code="a">DEVELOPMENT PROJECTS</subfield>
        <subfield code="0">(DHLAUTH)444783</subfield>
    </datafield>
    <datafield tag="650" ind1=" " ind2=" ">
        <subfield code="a">LAND USE</subfield>
        <subfield code="0">(DHLAUTH)270495</subfield>
    </datafield>
    <datafield tag="650" ind1=" " ind2=" ">
        <subfield code="a">WATER RESOURCES</subfield>
        <subfield code="0">(DHLAUTH)270568</subfield>
    </datafield>
    <datafield tag="650" ind1=" " ind2=" ">
        <subfield code="a">BEDOUINS</subfield>
        <subfield code="0">(DHLAUTH)273098</subfield>
    </datafield>
    <datafield tag="650" ind1=" " ind2=" ">
        <subfield code="a">SETTLEMENT POLICY</subfield>
        <subfield code="0">(DHLAUTH)269906</subfield>
    </datafield>
    <datafield tag="650" ind1=" " ind2=" ">
        <subfield code="a">FARM INCOME</subfield>
        <subfield code="0">(DHLAUTH)271331</subfield>
    </datafield>
    <datafield tag="650" ind1=" " ind2=" ">
        <subfield code="a">EGYPT</subfield>
        <subfield code="0">(DHLAUTH)273328</subfield>
    </datafield>
</record>