
<record>
    <datafield tag="191" ind1=" " ind2=" ">
        <subfield code="a">E/ECWA/AGR/WG.15/4</subfield>
    </datafield>
    <datafield tag="245" ind1=" " ind2=" ">
        <subfield code="a">AGRICULTURAL DEVELOPMENT PLANNING EXPERIENCE : A CASE STUDY OF ARAB REPUBLIC OF EGYPT</subfield>
    </datafield>
    <datafield tag="269" ind1=" " ind2=" ">
        <subfield code="a">19831205</subfield>
    </datafield>
    <datafield tag="650" ind1=" " ind2=" ">
        <subfield code="a">AGRICULTURAL DEVELOPMENT</subfield>
        <subfield code="0">(DHLAUTH)269917</subfield>
    </datafield>
    <datafield tag="650" ind1=" " ind2=" ">
        <subfield code="a">DEVELOPMENT PLANNING</subfield>
        <subfield code="0">(DHLAUTH)269883</subfield>
    </datafield>
    <datafield tag="650" ind1=" " ind2=" ">
        <subfield code="a">EGYPT</subfield>
        <subfield code="0">(DHLAUTH)273328</subfield>
    </datafield>
</record>