
<record>
    <datafield tag="191" ind1=" " ind2=" ">
        <subfield code="a">E/ECWA/AGR/WG.16/3</subfield>
    </datafield>
    <datafield tag="245" ind1=" " ind2=" ">
        <subfield code="a">INTEGRATED DEVELOPMENT APPROACH FOR MOUNTAIN FARMING AREAS OF THE ECWA REGION</subfield>
    </datafield>
    <datafield tag="269" ind1=" " ind2=" ">
        <subfield code="a">19840410</subfield>
    </datafield>
    <datafield tag="650" ind1=" " ind2=" ">
        <subfield code="a">MOUNTAIN AREAS</subfield>
        <subfield code="0">(DHLAUTH)270761</subfield>
    </datafield>
    <datafield tag="650" ind1=" " ind2=" ">
        <subfield code="a">LAND DEGRADATION</subfield>
        <subfield code="0">(DHLAUTH)270643</subfield>
    </datafield>
    <datafield tag="650" ind1=" " ind2=" ">
        <subfield code="a">SOIL CONSERVATION</subfield>
        <subfield code="0">(DHLAUTH)270588</subfield>
    </datafield>
    <datafield tag="650" ind1=" " ind2=" ">
        <subfield code="a">LAND TENURE</subfield>
        <subfield code="0">(DHLAUTH)268367</subfield>
    </datafield>
    <datafield tag="650" ind1=" " ind2=" ">
        <subfield code="a">DEVELOPMENT ASPECTS</subfield>
        <subfield code="0">(DHLAUTH)269874</subfield>
    </datafield>
</record>