
<record>
    <datafield tag="191" ind1=" " ind2=" ">
        <subfield code="a">E/ECWA/CMTP/1/REV.1</subfield>
    </datafield>
    <datafield tag="245" ind1=" " ind2=" ">
        <subfield code="a">PROVISIONAL AGENDA, INTERGOVERNMENTAL EXPERT COMMITTEE ON THE MEDIUM-TERM PLAN 2-5 MAY 1982 BAGHDA, IRAQ</subfield>
    </datafield>
    <datafield tag="246" ind1=" " ind2=" ">
        <subfield code="a">جدول الأعمال المؤقت, لجنة الخبراء الفنية الحكومية المختصة بالخطة المتوسطة الاجل 2-5 ايار/مايو 1982 بغداد,العراق</subfield>
    </datafield>
    <datafield tag="269" ind1=" " ind2=" ">
        <subfield code="a">19820216</subfield>
    </datafield>
    <datafield tag="650" ind1=" " ind2=" ">
        <subfield code="a">AGENDA</subfield>
        <subfield code="0">(DHLAUTH)275133</subfield>
    </datafield>
    <datafield tag="650" ind1=" " ind2=" ">
        <subfield code="a">WESTERN ASIA</subfield>
        <subfield code="0">(DHLAUTH)275490</subfield>
    </datafield>
    <datafield tag="650" ind1=" " ind2=" ">
        <subfield code="a">CONFERENCES</subfield>
        <subfield code="0">(DHLAUTH)275758</subfield>
    </datafield>
</record>