
<record>
    <datafield tag="191" ind1=" " ind2=" ">
        <subfield code="a">E/ECWA/CMTP/WP.1/REV.1</subfield>
    </datafield>
    <datafield tag="245" ind1=" " ind2=" ">
        <subfield code="a">PROPOSED MEDIUM-TERM PLAN  FOR THE PERIOD 1984-1989 NOTE BY THE EXECUTIVE SECRETARY</subfield>
    </datafield>
    <datafield tag="246" ind1=" " ind2=" ">
        <subfield code="a">الخطة المتوسطة الاجل المقترحة للفترة 1984-1989 مذكرة من الامين العام</subfield>
    </datafield>
    <datafield tag="269" ind1=" " ind2=" ">
        <subfield code="a">19820326</subfield>
    </datafield>
    <datafield tag="650" ind1=" " ind2=" ">
        <subfield code="a">WESTERN ASIA</subfield>
        <subfield code="0">(DHLAUTH)275490</subfield>
    </datafield>
    <datafield tag="650" ind1=" " ind2=" ">
        <subfield code="a">CONFERENCES</subfield>
        <subfield code="0">(DHLAUTH)275758</subfield>
    </datafield>
    <datafield tag="650" ind1=" " ind2=" ">
        <subfield code="a">DEVELOPING COUNTRIES</subfield>
        <subfield code="0">(DHLAUTH)268442</subfield>
    </datafield>
    <datafield tag="650" ind1=" " ind2=" ">
        <subfield code="a">WATER RESOURCES</subfield>
        <subfield code="0">(DHLAUTH)270568</subfield>
    </datafield>
    <datafield tag="650" ind1=" " ind2=" ">
        <subfield code="a">DEVELOPMENT STRATEGIES</subfield>
        <subfield code="0">(DHLAUTH)269884</subfield>
    </datafield>
    <datafield tag="650" ind1=" " ind2=" ">
        <subfield code="a">WOMEN</subfield>
        <subfield code="0">(DHLAUTH)273032</subfield>
    </datafield>
</record>