
<record>
    <datafield tag="191" ind1=" " ind2=" ">
        <subfield code="a">E/ECWA/CP/6/REV.1</subfield>
    </datafield>
    <datafield tag="245" ind1=" " ind2=" ">
        <subfield code="a">CO-ORDINATION DURING THE BIENNIUM 1984-1985 OF THE COMMISSION'S ACTIVITIES WITH THOSE OF OTHER PROGRAMMES OF THE UNITED NATIONS: NOTE BY THE EXECUTIVE SECRETARY</subfield>
    </datafield>
    <datafield tag="269" ind1=" " ind2=" ">
        <subfield code="a">19830321</subfield>
    </datafield>
    <datafield tag="650" ind1=" " ind2=" ">
        <subfield code="a">PROGRAMME PLANNING</subfield>
        <subfield code="0">(DHLAUTH)275798</subfield>
    </datafield>
    <datafield tag="650" ind1=" " ind2=" ">
        <subfield code="a">CONFERENCES</subfield>
        <subfield code="0">(DHLAUTH)275758</subfield>
    </datafield>
    <datafield tag="650" ind1=" " ind2=" ">
        <subfield code="a">WESTERN ASIA</subfield>
        <subfield code="0">(DHLAUTH)275490</subfield>
    </datafield>
    <datafield tag="650" ind1=" " ind2=" ">
        <subfield code="a">COORDINATION WITHIN UN SYSTEM</subfield>
        <subfield code="0">(DHLAUTH)268575</subfield>
    </datafield>
</record>