
<record>
    <datafield tag="191" ind1=" " ind2=" ">
        <subfield code="a">E/ECWA/CP/W.P.1/12/REV.1</subfield>
    </datafield>
    <datafield tag="245" ind1=" " ind2=" ">
        <subfield code="a">REVIEW OF THE PROGRAMME BUDGET 1984-1985 ON A SECTOR BY SECTOR BASIS PROGRAMME: TRANSPORT, COMMUNICATIONS AND TOURISM</subfield>
    </datafield>
    <datafield tag="246" ind1=" " ind2=" ">
        <subfield code="a">استعراض الميزانية البرنامجية للفترة 1984-1985: برنامج النقل والاتصالات والسياحة</subfield>
    </datafield>
    <datafield tag="269" ind1=" " ind2=" ">
        <subfield code="a">19830410</subfield>
    </datafield>
    <datafield tag="650" ind1=" " ind2=" ">
        <subfield code="a">WESTERN ASIA</subfield>
        <subfield code="0">(DHLAUTH)275490</subfield>
    </datafield>
    <datafield tag="650" ind1=" " ind2=" ">
        <subfield code="a">PROGRAMME PRIORITIES</subfield>
        <subfield code="0">(DHLAUTH)275763</subfield>
    </datafield>
    <datafield tag="650" ind1=" " ind2=" ">
        <subfield code="a">WORK PROGRAMME</subfield>
        <subfield code="0">(DHLAUTH)275800</subfield>
    </datafield>
    <datafield tag="650" ind1=" " ind2=" ">
        <subfield code="a">BUDGETING</subfield>
        <subfield code="0">(DHLAUTH)270052</subfield>
    </datafield>
    <datafield tag="650" ind1=" " ind2=" ">
        <subfield code="a">TELECOMMUNICATIONS</subfield>
        <subfield code="0">(DHLAUTH)272452</subfield>
    </datafield>
    <datafield tag="650" ind1=" " ind2=" ">
        <subfield code="a">TOURISM</subfield>
        <subfield code="0">(DHLAUTH)272211</subfield>
    </datafield>
    <datafield tag="650" ind1=" " ind2=" ">
        <subfield code="a">TRANSPORT</subfield>
        <subfield code="0">(DHLAUTH)272243</subfield>
    </datafield>
    <datafield tag="650" ind1=" " ind2=" ">
        <subfield code="a">PROGRAMME BUDGETING</subfield>
        <subfield code="0">(DHLAUTH)270055</subfield>
    </datafield>
</record>