
<record>
    <datafield tag="191" ind1=" " ind2=" ">
        <subfield code="a">E/ECWA/CP/W.P.1/3/REV.1</subfield>
    </datafield>
    <datafield tag="245" ind1=" " ind2=" ">
        <subfield code="a">REVIEW OF THE PROGRAMME BUDGET 1984-1985 ON A SECTOR BY SECTOR BASIS: HUMAN SETTLEMENTS</subfield>
    </datafield>
    <datafield tag="246" ind1=" " ind2=" ">
        <subfield code="a">استعراض الميزانية البرنامجية للفترة 1984-1985: برنامج المستوطنات البشرية</subfield>
    </datafield>
    <datafield tag="269" ind1=" " ind2=" ">
        <subfield code="a">19830407</subfield>
    </datafield>
    <datafield tag="650" ind1=" " ind2=" ">
        <subfield code="a">WORK PROGRAMME</subfield>
        <subfield code="0">(DHLAUTH)275800</subfield>
    </datafield>
    <datafield tag="650" ind1=" " ind2=" ">
        <subfield code="a">PROGRAMME PRIORITIES</subfield>
        <subfield code="0">(DHLAUTH)275763</subfield>
    </datafield>
    <datafield tag="650" ind1=" " ind2=" ">
        <subfield code="a">PROGRAMME BUDGETING</subfield>
        <subfield code="0">(DHLAUTH)270055</subfield>
    </datafield>
    <datafield tag="650" ind1=" " ind2=" ">
        <subfield code="a">PROGRAMME PLANNING</subfield>
        <subfield code="0">(DHLAUTH)275798</subfield>
    </datafield>
    <datafield tag="650" ind1=" " ind2=" ">
        <subfield code="a">WESTERN ASIA</subfield>
        <subfield code="0">(DHLAUTH)275490</subfield>
    </datafield>
    <datafield tag="650" ind1=" " ind2=" ">
        <subfield code="a">BUDGETING</subfield>
        <subfield code="0">(DHLAUTH)270052</subfield>
    </datafield>
    <datafield tag="650" ind1=" " ind2=" ">
        <subfield code="a">HUMAN SETTLEMENTS</subfield>
        <subfield code="0">(DHLAUTH)273542</subfield>
    </datafield>
    <datafield tag="650" ind1=" " ind2=" ">
        <subfield code="a">URBAN PLANNING</subfield>
        <subfield code="0">(DHLAUTH)268420</subfield>
    </datafield>
    <datafield tag="650" ind1=" " ind2=" ">
        <subfield code="a">EXTRABUDGETARY FINANCING</subfield>
        <subfield code="0">(DHLAUTH)275753</subfield>
    </datafield>
</record>