
<record>
    <datafield tag="191" ind1=" " ind2=" ">
        <subfield code="a">E/ECWA/DPD/83/7</subfield>
    </datafield>
    <datafield tag="245" ind1=" " ind2=" ">
        <subfield code="a">SURVEY OF ECONOMIC AND SOCIAL DEVELOPMENTS IN THE ECWA REGION 1983</subfield>
    </datafield>
    <datafield tag="269" ind1=" " ind2=" ">
        <subfield code="a">19830401</subfield>
    </datafield>
    <datafield tag="650" ind1=" " ind2=" ">
        <subfield code="a">FOREIGN TRADE</subfield>
        <subfield code="0">(DHLAUTH)272801</subfield>
    </datafield>
    <datafield tag="650" ind1=" " ind2=" ">
        <subfield code="a">TRANSPORT</subfield>
        <subfield code="0">(DHLAUTH)272243</subfield>
    </datafield>
    <datafield tag="650" ind1=" " ind2=" ">
        <subfield code="a">REGIONAL COOPERATION</subfield>
        <subfield code="0">(DHLAUTH)268656</subfield>
    </datafield>
    <datafield tag="650" ind1=" " ind2=" ">
        <subfield code="a">SOCIAL DEVELOPMENT</subfield>
        <subfield code="0">(DHLAUTH)269873</subfield>
    </datafield>
    <datafield tag="650" ind1=" " ind2=" ">
        <subfield code="a">INTERNATIONAL TRADE</subfield>
        <subfield code="0">(DHLAUTH)269532</subfield>
    </datafield>
    <datafield tag="650" ind1=" " ind2=" ">
        <subfield code="a">NATURAL RESOURCES</subfield>
        <subfield code="0">(DHLAUTH)270548</subfield>
    </datafield>
    <datafield tag="650" ind1=" " ind2=" ">
        <subfield code="a">CONSTRUCTION</subfield>
        <subfield code="0">(DHLAUTH)272269</subfield>
    </datafield>
    <datafield tag="650" ind1=" " ind2=" ">
        <subfield code="a">ECONOMIC GROWTH</subfield>
        <subfield code="0">(DHLAUTH)269754</subfield>
    </datafield>
    <datafield tag="650" ind1=" " ind2=" ">
        <subfield code="a">RURAL DEVELOPMENT</subfield>
        <subfield code="0">(DHLAUTH)269872</subfield>
    </datafield>
    <datafield tag="650" ind1=" " ind2=" ">
        <subfield code="a">TOURISM</subfield>
        <subfield code="0">(DHLAUTH)272211</subfield>
    </datafield>
    <datafield tag="650" ind1=" " ind2=" ">
        <subfield code="a">URBANIZATION</subfield>
        <subfield code="0">(DHLAUTH)273116</subfield>
    </datafield>
    <datafield tag="650" ind1=" " ind2=" ">
        <subfield code="a">FISCAL POLICY</subfield>
        <subfield code="0">(DHLAUTH)269932</subfield>
    </datafield>
    <datafield tag="650" ind1=" " ind2=" ">
        <subfield code="a">AGEING</subfield>
        <subfield code="0">(DHLAUTH)273056</subfield>
    </datafield>
    <datafield tag="650" ind1=" " ind2=" ">
        <subfield code="a">INTERNATIONAL FINANCE</subfield>
        <subfield code="0">(DHLAUTH)269954</subfield>
    </datafield>
    <datafield tag="650" ind1=" " ind2=" ">
        <subfield code="a">BUILDING MATERIALS</subfield>
        <subfield code="0">(DHLAUTH)271086</subfield>
    </datafield>
    <datafield tag="650" ind1=" " ind2=" ">
        <subfield code="a">PETROLEUM PRICES</subfield>
        <subfield code="0">(DHLAUTH)269855</subfield>
    </datafield>
    <datafield tag="650" ind1=" " ind2=" ">
        <subfield code="a">PETROLEUM REVENUES</subfield>
        <subfield code="0">(DHLAUTH)269856</subfield>
    </datafield>
    <datafield tag="FFT" ind1=" " ind2=" ">
        <subfield code="a">http://undhl-dgacm.s3.amazonaws.com/Drop%2FESCWA_special%2Ftemp_id_6488%2FE_ECWA_DPD_83_7-EN.pdf</subfield>
        <subfield code="d">English</subfield>
        <subfield code="n">E_ECWA_DPD_83_7-EN.pdf</subfield>
    </datafield>
</record>