
<record>
    <datafield tag="191" ind1=" " ind2=" ">
        <subfield code="a">E/ECWA/DPD/WG.14/1/REV.1</subfield>
    </datafield>
    <datafield tag="191" ind1=" " ind2=" ">
        <subfield code="a">E/ECWA/DPD/WG.14/3/ADD.2</subfield>
    </datafield>
    <datafield tag="245" ind1=" " ind2=" ">
        <subfield code="a">DEVELOPMENT STRATEGY FOR THE REGION ON THE ECONOMIC COMMISSION FOR WESTERN ASIA IN THE THIRD UNITED NATIONS DEVELOPMENT DECADE</subfield>
    </datafield>
    <datafield tag="246" ind1=" " ind2=" ">
        <subfield code="a">استراتيجية التنمية لمنطقة اللجنة الاقتصادية لغربي آسيا في عقد التنمية الثالث للامم المتحدة</subfield>
    </datafield>
    <datafield tag="269" ind1=" " ind2=" ">
        <subfield code="a">19790927</subfield>
    </datafield>
    <datafield tag="650" ind1=" " ind2=" ">
        <subfield code="a">WESTERN ASIA</subfield>
        <subfield code="0">(DHLAUTH)275490</subfield>
    </datafield>
    <datafield tag="650" ind1=" " ind2=" ">
        <subfield code="a">DEVELOPMENT STRATEGIES</subfield>
        <subfield code="0">(DHLAUTH)269884</subfield>
    </datafield>
    <datafield tag="650" ind1=" " ind2=" ">
        <subfield code="a">DEVELOPMENT PLANNING</subfield>
        <subfield code="0">(DHLAUTH)269883</subfield>
    </datafield>
    <datafield tag="650" ind1=" " ind2=" ">
        <subfield code="a">INTERNATIONAL DECADES</subfield>
        <subfield code="0">(DHLAUTH)268661</subfield>
    </datafield>
</record>