
<record>
    <datafield tag="191" ind1=" " ind2=" ">
        <subfield code="a">E/ECWA/DPD/WG.14/3</subfield>
    </datafield>
    <datafield tag="245" ind1=" " ind2=" ">
        <subfield code="a">REPORT OF THE MEETING OF THE COMMITTEE OF GOVERNMENT DEVELOPMENT EXPERTS OF THE ECWA COUNTRIES ON THE INTERNATIONAL DEVELOPMENT STRATEGY FOR THE THIRD DEVELOPMENT DECADE</subfield>
    </datafield>
    <datafield tag="246" ind1=" " ind2=" ">
        <subfield code="a">تقرير عن اجتماعات لجنة خبراء التنمية الحكوميين للدول الاعضاء في اللجنة الاقتصادية لغربي اسيا حول استراتيجية التنمية الدولية في عقدها الثالث</subfield>
    </datafield>
    <datafield tag="269" ind1=" " ind2=" ">
        <subfield code="a">19790906</subfield>
    </datafield>
    <datafield tag="650" ind1=" " ind2=" ">
        <subfield code="a">WESTERN ASIA</subfield>
        <subfield code="0">(DHLAUTH)275490</subfield>
    </datafield>
    <datafield tag="650" ind1=" " ind2=" ">
        <subfield code="a">DEVELOPMENT STRATEGIES</subfield>
        <subfield code="0">(DHLAUTH)269884</subfield>
    </datafield>
    <datafield tag="650" ind1=" " ind2=" ">
        <subfield code="a">INTERNATIONAL DECADES</subfield>
        <subfield code="0">(DHLAUTH)268661</subfield>
    </datafield>
</record>