
<record>
    <datafield tag="191" ind1=" " ind2=" ">
        <subfield code="a">E/ECWA/DPD/WG.14/INF.2</subfield>
    </datafield>
    <datafield tag="245" ind1=" " ind2=" ">
        <subfield code="a">RESOLUTION 76(VI) ADOPTED DURING ECWA'S SIXTH SESSION WHICH WAS HOLD IN BAGHDAD, IRAQ ON 28 APRIL - 5 MAY 1979, MEETING OF GOVERNMENT DEVELOPMENT EXPERTS 29-31 AUGUST, 1979 BEIRUT - LEBANON</subfield>
    </datafield>
    <datafield tag="246" ind1=" " ind2=" ">
        <subfield code="a">القرار 76(6) الصادر خلال الدورة السادسة للجنة الاقتصادية لغربي آسيا في بغداد (العراق) من 28 نيسان/ابريل الى 5 ايار/مايو 1979</subfield>
    </datafield>
    <datafield tag="269" ind1=" " ind2=" ">
        <subfield code="a">19790827</subfield>
    </datafield>
    <datafield tag="650" ind1=" " ind2=" ">
        <subfield code="a">RESOLUTIONS AND DECISIONS</subfield>
        <subfield code="0">(DHLAUTH)275677</subfield>
    </datafield>
    <datafield tag="650" ind1=" " ind2=" ">
        <subfield code="a">BAGHDAD (IRAQ)</subfield>
        <subfield code="0">(DHLAUTH)276802</subfield>
    </datafield>
    <datafield tag="650" ind1=" " ind2=" ">
        <subfield code="a">WESTERN ASIA</subfield>
        <subfield code="0">(DHLAUTH)275490</subfield>
    </datafield>
    <datafield tag="650" ind1=" " ind2=" ">
        <subfield code="a">CONFERENCES</subfield>
        <subfield code="0">(DHLAUTH)275758</subfield>
    </datafield>
</record>