
<record>
    <datafield tag="191" ind1=" " ind2=" ">
        <subfield code="a">E/ECWA/DPD/WG.15/2</subfield>
    </datafield>
    <datafield tag="245" ind1=" " ind2=" ">
        <subfield code="a">MAIN OBSTACLES TO AND BENEFITS FROM CLOSER ECONOMIC CO-OPERATION IN WESTERN ASIA,  EXPERT GROUP MEETING ON FEASIBLE FORMS OF ECONOMIC CO-OPERATION AND INTEGRATION IN WESTERN ASIA 14-18 DECEMBER 1981 BEIRUT - LEBANON</subfield>
    </datafield>
    <datafield tag="246" ind1=" " ind2=" ">
        <subfield code="a">العقبات والفوائد الرئيسية لتوثيق التعاون الاقتصادي في غربي آسيا, اجتماع فريق من الخبراء حول اشكال التعاون والتكامل الاقتصادي الممكنة في غربي آسيا 14-18-12-1981 بيروت</subfield>
    </datafield>
    <datafield tag="269" ind1=" " ind2=" ">
        <subfield code="a">19811119</subfield>
    </datafield>
    <datafield tag="650" ind1=" " ind2=" ">
        <subfield code="a">ECONOMIC COOPERATION</subfield>
        <subfield code="0">(DHLAUTH)268654</subfield>
    </datafield>
    <datafield tag="650" ind1=" " ind2=" ">
        <subfield code="a">WESTERN ASIA</subfield>
        <subfield code="0">(DHLAUTH)275490</subfield>
    </datafield>
    <datafield tag="650" ind1=" " ind2=" ">
        <subfield code="a">ECONOMIC INTEGRATION</subfield>
        <subfield code="0">(DHLAUTH)269761</subfield>
    </datafield>
</record>