
<record>
    <datafield tag="191" ind1=" " ind2=" ">
        <subfield code="a">E/ECWA/DPD/WG.15/6</subfield>
    </datafield>
    <datafield tag="245" ind1=" " ind2=" ">
        <subfield code="a">RESOURCE TRANSFERS AND FINANCIAL CO-OPERATION IN WESTERN ASIA, EXPERT GROUP MEETING ON FEASIBLE FORMS OF ECONOMIC CO-OPERATION AND INTEGRATION IN WESTERN ASIA 14-18 DECEMBER 1981 BEIRUT - LEBANON</subfield>
    </datafield>
    <datafield tag="246" ind1=" " ind2=" ">
        <subfield code="a">عمليات نقل الموارد والتعاون المالي في غربي آسيا,  اجتماع فريق من الخبراء حول اشكال التعاون والتكامل الاقتصادي الممكنة في غربي اسيا 14-18 كانون الاول/ ديسمبر 1981 بيروت - لبنان</subfield>
    </datafield>
    <datafield tag="269" ind1=" " ind2=" ">
        <subfield code="a">19811119</subfield>
    </datafield>
    <datafield tag="650" ind1=" " ind2=" ">
        <subfield code="a">FOREIGN INVESTMENTS</subfield>
        <subfield code="0">(DHLAUTH)269953</subfield>
    </datafield>
    <datafield tag="650" ind1=" " ind2=" ">
        <subfield code="a">FINANCE</subfield>
        <subfield code="0">(DHLAUTH)269616</subfield>
    </datafield>
    <datafield tag="650" ind1=" " ind2=" ">
        <subfield code="a">FINANCIAL RESOURCES</subfield>
        <subfield code="0">(DHLAUTH)269810</subfield>
    </datafield>
    <datafield tag="650" ind1=" " ind2=" ">
        <subfield code="a">INVESTMENTS</subfield>
        <subfield code="0">(DHLAUTH)269859</subfield>
    </datafield>
    <datafield tag="650" ind1=" " ind2=" ">
        <subfield code="a">WESTERN ASIA</subfield>
        <subfield code="0">(DHLAUTH)275490</subfield>
    </datafield>
    <datafield tag="650" ind1=" " ind2=" ">
        <subfield code="a">DEVELOPED COUNTRIES</subfield>
        <subfield code="0">(DHLAUTH)268699</subfield>
    </datafield>
    <datafield tag="650" ind1=" " ind2=" ">
        <subfield code="a">FINANCIAL FLOWS</subfield>
        <subfield code="0">(DHLAUTH)270300</subfield>
    </datafield>
</record>