
<record>
    <datafield tag="191" ind1=" " ind2=" ">
        <subfield code="a">E/ECWA/ENV/WG.16/3</subfield>
    </datafield>
    <datafield tag="245" ind1=" " ind2=" ">
        <subfield code="a">التنمية الزراعية وادارة الاراضي في ما لهما من علاقة بالبيئة وباحتياجات الامداد الغذائي في منطقة غربي آسيا</subfield>
    </datafield>
    <datafield tag="269" ind1=" " ind2=" ">
        <subfield code="a">19791224</subfield>
    </datafield>
    <datafield tag="650" ind1=" " ind2=" ">
        <subfield code="a">LAND ADMINISTRATION</subfield>
        <subfield code="0">(DHLAUTH)469485</subfield>
    </datafield>
    <datafield tag="650" ind1=" " ind2=" ">
        <subfield code="a">CONFERENCES</subfield>
        <subfield code="0">(DHLAUTH)275758</subfield>
    </datafield>
    <datafield tag="650" ind1=" " ind2=" ">
        <subfield code="a">AGRICULTURAL DEVELOPMENT</subfield>
        <subfield code="0">(DHLAUTH)269917</subfield>
    </datafield>
    <datafield tag="650" ind1=" " ind2=" ">
        <subfield code="a">SUSTAINABLE AGRICULTURE</subfield>
        <subfield code="0">(DHLAUTH)270600</subfield>
    </datafield>
    <datafield tag="650" ind1=" " ind2=" ">
        <subfield code="a">DESERTIFICATION</subfield>
        <subfield code="0">(DHLAUTH)270641</subfield>
    </datafield>
    <datafield tag="650" ind1=" " ind2=" ">
        <subfield code="a">SOIL FERTILITY</subfield>
        <subfield code="0">(DHLAUTH)270972</subfield>
    </datafield>
    <datafield tag="650" ind1=" " ind2=" ">
        <subfield code="a">FOOD SECURITY</subfield>
        <subfield code="0">(DHLAUTH)273653</subfield>
    </datafield>
    <datafield tag="650" ind1=" " ind2=" ">
        <subfield code="a">FOOD PRODUCTION</subfield>
        <subfield code="0">(DHLAUTH)271368</subfield>
    </datafield>
    <datafield tag="650" ind1=" " ind2=" ">
        <subfield code="a">ENVIRONMENTAL POLICY</subfield>
        <subfield code="0">(DHLAUTH)269904</subfield>
    </datafield>
    <datafield tag="650" ind1=" " ind2=" ">
        <subfield code="a">NEW TECHNOLOGIES</subfield>
        <subfield code="0">(DHLAUTH)271842</subfield>
    </datafield>
</record>