
<record>
    <datafield tag="191" ind1=" " ind2=" ">
        <subfield code="a">E/ECWA/ENV/WG.16/5</subfield>
    </datafield>
    <datafield tag="245" ind1=" " ind2=" ">
        <subfield code="a">ENVIRONMENTAL IMPLICATIONS OF OIL AND ALTERNATIVE SOURCES OF ENERGY IN THE ECWA REGION.</subfield>
    </datafield>
    <datafield tag="246" ind1=" " ind2=" ">
        <subfield code="a">الآثار البيئية للنفط ومصادر الطاقة البديلة في منطقة اللجنة الاقتصادية لغربي آسيا</subfield>
    </datafield>
    <datafield tag="269" ind1=" " ind2=" ">
        <subfield code="a">19791214</subfield>
    </datafield>
    <datafield tag="650" ind1=" " ind2=" ">
        <subfield code="a">POLLUTION</subfield>
        <subfield code="0">(DHLAUTH)270642</subfield>
    </datafield>
    <datafield tag="650" ind1=" " ind2=" ">
        <subfield code="a">ENVIRONMENTAL IMPACT ASSESSMENT</subfield>
        <subfield code="0">(DHLAUTH)270597</subfield>
    </datafield>
    <datafield tag="650" ind1=" " ind2=" ">
        <subfield code="a">INDUSTRIAL POLLUTION</subfield>
        <subfield code="0">(DHLAUTH)270791</subfield>
    </datafield>
    <datafield tag="650" ind1=" " ind2=" ">
        <subfield code="a">CONFERENCES</subfield>
        <subfield code="0">(DHLAUTH)275758</subfield>
    </datafield>
    <datafield tag="650" ind1=" " ind2=" ">
        <subfield code="a">PETROLEUM</subfield>
        <subfield code="0">(DHLAUTH)270472</subfield>
    </datafield>
    <datafield tag="650" ind1=" " ind2=" ">
        <subfield code="a">AIR POLLUTION</subfield>
        <subfield code="0">(DHLAUTH)270785</subfield>
    </datafield>
    <datafield tag="650" ind1=" " ind2=" ">
        <subfield code="a">MOTOR VEHICLE EMISSIONS</subfield>
        <subfield code="0">(DHLAUTH)270794</subfield>
    </datafield>
    <datafield tag="650" ind1=" " ind2=" ">
        <subfield code="a">PETROCHEMICALS</subfield>
        <subfield code="0">(DHLAUTH)272374</subfield>
    </datafield>
    <datafield tag="650" ind1=" " ind2=" ">
        <subfield code="a">RENEWABLE ENERGY SOURCES</subfield>
        <subfield code="0">(DHLAUTH)270594</subfield>
    </datafield>
</record>