
<record>
    <datafield tag="191" ind1=" " ind2=" ">
        <subfield code="a">E/ECWA/ENV/WG.16/INF.1</subfield>
    </datafield>
    <datafield tag="245" ind1=" " ind2=" ">
        <subfield code="a">NOTE TO PARTICIPANTS/ SEMINAR ON ALTERNATIVE PATTERNS OF DEVELOPMENT AND LIFE STYLES FOR WESTERN ASIA 21-25 JANUARY 1980 BEIRUT, LEBANON</subfield>
    </datafield>
    <datafield tag="246" ind1=" " ind2=" ">
        <subfield code="a">مذكرة الى المشتركين/ لندوة الإقليمية حول الأنماط البديلة للتنمية وأساليب الحياة في غربي آسيا 20-25 كانون الثاني/يناير 1980</subfield>
    </datafield>
    <datafield tag="269" ind1=" " ind2=" ">
        <subfield code="a">19791226</subfield>
    </datafield>
    <datafield tag="650" ind1=" " ind2=" ">
        <subfield code="a">CONFERENCES</subfield>
        <subfield code="0">(DHLAUTH)275758</subfield>
    </datafield>
    <datafield tag="650" ind1=" " ind2=" ">
        <subfield code="a">PARTICIPANTS</subfield>
        <subfield code="0">(DHLAUTH)275785</subfield>
    </datafield>
</record>