
<record>
    <datafield tag="191" ind1=" " ind2=" ">
        <subfield code="a">E/ECWA/FAO/84/WG.1/13</subfield>
    </datafield>
    <datafield tag="245" ind1=" " ind2=" ">
        <subfield code="a">THE USE OF ADMINISTRATIVE RECORDS IN AGRICULTURAL STATISTICS IN THE ECWA REGION, SEMINAR ON METHODS OF AGRICULTURAL DATA COLLECTION 1-4 DECEMBER 1984 BAGHDAD, IRAQ</subfield>
    </datafield>
    <datafield tag="269" ind1=" " ind2=" ">
        <subfield code="a">19841118</subfield>
    </datafield>
    <datafield tag="650" ind1=" " ind2=" ">
        <subfield code="a">AGRICULTURAL STATISTICS</subfield>
        <subfield code="0">(DHLAUTH)270191</subfield>
    </datafield>
    <datafield tag="650" ind1=" " ind2=" ">
        <subfield code="a">ADMINISTRATIVE RECORDS</subfield>
        <subfield code="0">(DHLAUTH)269997</subfield>
    </datafield>
    <datafield tag="650" ind1=" " ind2=" ">
        <subfield code="a">DATA COLLECTION</subfield>
        <subfield code="0">(DHLAUTH)270174</subfield>
    </datafield>
    <datafield tag="650" ind1=" " ind2=" ">
        <subfield code="a">CONFERENCES</subfield>
        <subfield code="0">(DHLAUTH)275758</subfield>
    </datafield>
</record>