
<record>
    <datafield tag="191" ind1=" " ind2=" ">
        <subfield code="a">E/ECWA/IAD/WG.11/10</subfield>
    </datafield>
    <datafield tag="245" ind1=" " ind2=" ">
        <subfield code="a">IMPACTS OF IRRIGATION ON ENVIRONMENT WITH SPECIAL REFEREBNCE TO THE ECWA REGION/ INTERNATIONAL EXPERT CONSULTATION ON IRRIGATION AND AGRICULTURAL DEVELOPMENT 21-26 OCTOBER 1978 BAGHDAD IRAQ</subfield>
    </datafield>
    <datafield tag="269" ind1=" " ind2=" ">
        <subfield code="a">19780815</subfield>
    </datafield>
    <datafield tag="650" ind1=" " ind2=" ">
        <subfield code="a">IRRIGATION</subfield>
        <subfield code="0">(DHLAUTH)270872</subfield>
    </datafield>
    <datafield tag="650" ind1=" " ind2=" ">
        <subfield code="a">CONFERENCES</subfield>
        <subfield code="0">(DHLAUTH)275758</subfield>
    </datafield>
    <datafield tag="650" ind1=" " ind2=" ">
        <subfield code="a">WESTERN ASIA</subfield>
        <subfield code="0">(DHLAUTH)275490</subfield>
    </datafield>
    <datafield tag="650" ind1=" " ind2=" ">
        <subfield code="a">ENVIRONMENTAL IMPACT ASSESSMENT</subfield>
        <subfield code="0">(DHLAUTH)270597</subfield>
    </datafield>
    <datafield tag="650" ind1=" " ind2=" ">
        <subfield code="a">ARID ZONES</subfield>
        <subfield code="0">(DHLAUTH)270705</subfield>
    </datafield>
    <datafield tag="650" ind1=" " ind2=" ">
        <subfield code="a">ECOSYSTEMS</subfield>
        <subfield code="0">(DHLAUTH)270620</subfield>
    </datafield>
    <datafield tag="650" ind1=" " ind2=" ">
        <subfield code="a">ACTIVITIES</subfield>
        <subfield code="0">(DHLAUTH)275823</subfield>
    </datafield>
    <datafield tag="650" ind1=" " ind2=" ">
        <subfield code="a">PUBLIC HEALTH</subfield>
        <subfield code="0">(DHLAUTH)270662</subfield>
    </datafield>
    <datafield tag="650" ind1=" " ind2=" ">
        <subfield code="a">DESERTIFICATION</subfield>
        <subfield code="0">(DHLAUTH)270641</subfield>
    </datafield>
    <datafield tag="650" ind1=" " ind2=" ">
        <subfield code="a">RECOMMENDATIONS</subfield>
        <subfield code="0">(DHLAUTH)275840</subfield>
    </datafield>
</record>