
<record>
    <datafield tag="191" ind1=" " ind2=" ">
        <subfield code="a">E/ECWA/IAD/WG.11/16</subfield>
    </datafield>
    <datafield tag="245" ind1=" " ind2=" ">
        <subfield code="a">YIELD RESPONSE TO WATER/ INTERNATIONAL EXPERT CONSULTATION ON IRRIGATION AND AGRICULTURAL DEVELOPMENT 21-26 OCTOBER 1978 BAGHDAD IRAQ</subfield>
    </datafield>
    <datafield tag="269" ind1=" " ind2=" ">
        <subfield code="a">19780815</subfield>
    </datafield>
    <datafield tag="650" ind1=" " ind2=" ">
        <subfield code="a">CONFERENCES</subfield>
        <subfield code="0">(DHLAUTH)275758</subfield>
    </datafield>
    <datafield tag="650" ind1=" " ind2=" ">
        <subfield code="a">WESTERN ASIA</subfield>
        <subfield code="0">(DHLAUTH)275490</subfield>
    </datafield>
    <datafield tag="650" ind1=" " ind2=" ">
        <subfield code="a">CROP YIELDS</subfield>
        <subfield code="0">(DHLAUTH)271369</subfield>
    </datafield>
    <datafield tag="650" ind1=" " ind2=" ">
        <subfield code="a">WATER MANAGEMENT</subfield>
        <subfield code="0">(DHLAUTH)270919</subfield>
    </datafield>
    <datafield tag="650" ind1=" " ind2=" ">
        <subfield code="a">IRRIGATION</subfield>
        <subfield code="0">(DHLAUTH)270872</subfield>
    </datafield>
</record>