
<record>
    <datafield tag="191" ind1=" " ind2=" ">
        <subfield code="a">E/ECWA/ID/84/1/PART. A</subfield>
    </datafield>
    <datafield tag="245" ind1=" " ind2=" ">
        <subfield code="a">REPORT ON MISSION TO MINISTRY OF INDUSTRY PEOPLES DEMOCRATIC REPUBLIC OF YEMEN 21 NOVEMBER 1983 TO 3 DECEMBER 1983: EVALUATION OF DETAILED PROJECT REPORT FOR ESTABLISHMENT OF MINI STEEL PLANT IN PEOPLE'S DEMOCRATIC REPUBLIC OF YEMEN</subfield>
    </datafield>
    <datafield tag="269" ind1=" " ind2=" ">
        <subfield code="a">19841201</subfield>
    </datafield>
    <datafield tag="650" ind1=" " ind2=" ">
        <subfield code="a">ADVISORY SERVICES</subfield>
        <subfield code="0">(DHLAUTH)269860</subfield>
    </datafield>
    <datafield tag="650" ind1=" " ind2=" ">
        <subfield code="a">INDUSTRIAL PROJECTS</subfield>
        <subfield code="0">(DHLAUTH)269991</subfield>
    </datafield>
    <datafield tag="650" ind1=" " ind2=" ">
        <subfield code="a">PROJECT PREPARATION</subfield>
        <subfield code="0">(DHLAUTH)275807</subfield>
    </datafield>
    <datafield tag="650" ind1=" " ind2=" ">
        <subfield code="a">STEEL</subfield>
        <subfield code="0">(DHLAUTH)271091</subfield>
    </datafield>
    <datafield tag="650" ind1=" " ind2=" ">
        <subfield code="a">HEAVY INDUSTRY</subfield>
        <subfield code="0">(DHLAUTH)271819</subfield>
    </datafield>
    <datafield tag="650" ind1=" " ind2=" ">
        <subfield code="a">YEMEN</subfield>
        <subfield code="0">(DHLAUTH)273521</subfield>
    </datafield>
</record>