
<record>
    <datafield tag="191" ind1=" " ind2=" ">
        <subfield code="a">E/ECWA/ID/84/1/PART.B</subfield>
    </datafield>
    <datafield tag="245" ind1=" " ind2=" ">
        <subfield code="a">REPORT ON MISSION TO MINISTRY OF INDUSTRY PEOPLES DEMOCRATIC REPUBLIC OF YEMEN 21 NOVEMBER 1983 TO 3 DECEMBER 1983: TERMS OF REFERENCE FOR FEASIBILITY STUDY ON ESTABLISHMENT OF GLASS FACTORY IN PEOPLE'S DEMOCRATIC REPUBLIC OF YEMEN.</subfield>
    </datafield>
    <datafield tag="269" ind1=" " ind2=" ">
        <subfield code="a">19831201</subfield>
    </datafield>
    <datafield tag="650" ind1=" " ind2=" ">
        <subfield code="a">ADVISORY SERVICES</subfield>
        <subfield code="0">(DHLAUTH)269860</subfield>
    </datafield>
    <datafield tag="650" ind1=" " ind2=" ">
        <subfield code="a">PROJECT PREPARATION</subfield>
        <subfield code="0">(DHLAUTH)275807</subfield>
    </datafield>
    <datafield tag="650" ind1=" " ind2=" ">
        <subfield code="a">TERMS OF REFERENCE</subfield>
        <subfield code="0">(DHLAUTH)268319</subfield>
    </datafield>
    <datafield tag="650" ind1=" " ind2=" ">
        <subfield code="a">FEASIBILITY STUDIES</subfield>
        <subfield code="0">(DHLAUTH)269961</subfield>
    </datafield>
    <datafield tag="650" ind1=" " ind2=" ">
        <subfield code="a">GLASS INDUSTRY</subfield>
        <subfield code="0">(DHLAUTH)271155</subfield>
    </datafield>
    <datafield tag="650" ind1=" " ind2=" ">
        <subfield code="a">YEMEN</subfield>
        <subfield code="0">(DHLAUTH)273521</subfield>
    </datafield>
</record>