
<record>
    <datafield tag="191" ind1=" " ind2=" ">
        <subfield code="a">E/ECWA/ID/84/4 (PART. III)</subfield>
    </datafield>
    <datafield tag="245" ind1=" " ind2=" ">
        <subfield code="a">MISSION REPORT ON MICRO-ELECTRONICS IN THE ECWA REGION III, 5-16 DECEMBER 1983, TUNIS, CASABLANCA AND RABAT</subfield>
    </datafield>
    <datafield tag="269" ind1=" " ind2=" ">
        <subfield code="a">19840215</subfield>
    </datafield>
    <datafield tag="650" ind1=" " ind2=" ">
        <subfield code="a">ADVISORY SERVICES</subfield>
        <subfield code="0">(DHLAUTH)269860</subfield>
    </datafield>
    <datafield tag="650" ind1=" " ind2=" ">
        <subfield code="a">MICRO-ELECTRONICS</subfield>
        <subfield code="0">(DHLAUTH)272427</subfield>
    </datafield>
    <datafield tag="650" ind1=" " ind2=" ">
        <subfield code="a">WESTERN ASIA</subfield>
        <subfield code="0">(DHLAUTH)275490</subfield>
    </datafield>
    <datafield tag="650" ind1=" " ind2=" ">
        <subfield code="a">TUNISIA</subfield>
        <subfield code="0">(DHLAUTH)273507</subfield>
    </datafield>
    <datafield tag="650" ind1=" " ind2=" ">
        <subfield code="a">MOROCCO</subfield>
        <subfield code="0">(DHLAUTH)273417</subfield>
    </datafield>
    <datafield tag="FFT" ind1=" " ind2=" ">
        <subfield code="a">http://undhl-dgacm.s3.amazonaws.com/Drop%2FESCWA_special%2Ftemp_id_6658%2FE_ECWA_ID_84_4%20%28PART.%20III%29-EN.pdf</subfield>
        <subfield code="d">English</subfield>
        <subfield code="n">E_ECWA_ID_84_4(PART- III)-EN.pdf</subfield>
    </datafield>
</record>