
<record>
    <datafield tag="191" ind1=" " ind2=" ">
        <subfield code="a">E/ECWA/ID/WG.1/5</subfield>
    </datafield>
    <datafield tag="245" ind1=" " ind2=" ">
        <subfield code="a">PROJECT PROPOSALS PRESENTED BY OMAN, THE PEOPLE'S DEMOCRATIC REPUBLIC OF YEMEN AND THE YEMEN ARAB REPUBLIC/ MEETING ON SPECIAL PROBLEMS AND REQUIREMENTS OF INDUSTRIAL DEVELOPMENT IN SELECTED COUNTRIES OF THE MIDDLE EAST BEIRUT LEBANON 25-29 NOVEMBER 1974</subfield>
    </datafield>
    <datafield tag="269" ind1=" " ind2=" ">
        <subfield code="a">19741101</subfield>
    </datafield>
    <datafield tag="650" ind1=" " ind2=" ">
        <subfield code="a">INDUSTRIAL PROJECTS</subfield>
        <subfield code="0">(DHLAUTH)269991</subfield>
    </datafield>
    <datafield tag="650" ind1=" " ind2=" ">
        <subfield code="a">SUGAR CANE</subfield>
        <subfield code="0">(DHLAUTH)271470</subfield>
    </datafield>
    <datafield tag="650" ind1=" " ind2=" ">
        <subfield code="a">SUGAR INDUSTRY</subfield>
        <subfield code="0">(DHLAUTH)271456</subfield>
    </datafield>
    <datafield tag="650" ind1=" " ind2=" ">
        <subfield code="a">CEMENT</subfield>
        <subfield code="0">(DHLAUTH)271094</subfield>
    </datafield>
    <datafield tag="650" ind1=" " ind2=" ">
        <subfield code="a">FERTILIZERS</subfield>
        <subfield code="0">(DHLAUTH)270861</subfield>
    </datafield>
    <datafield tag="650" ind1=" " ind2=" ">
        <subfield code="a">YEMEN</subfield>
        <subfield code="0">(DHLAUTH)273521</subfield>
    </datafield>
    <datafield tag="650" ind1=" " ind2=" ">
        <subfield code="a">OMAN</subfield>
        <subfield code="0">(DHLAUTH)273438</subfield>
    </datafield>
    <datafield tag="650" ind1=" " ind2=" ">
        <subfield code="a">CONFERENCES</subfield>
        <subfield code="0">(DHLAUTH)275758</subfield>
    </datafield>
    <datafield tag="650" ind1=" " ind2=" ">
        <subfield code="a">WESTERN ASIA</subfield>
        <subfield code="0">(DHLAUTH)275490</subfield>
    </datafield>
</record>