
<record>
    <datafield tag="191" ind1=" " ind2=" ">
        <subfield code="a">E/ECWA/ID/WG.1/INF.2</subfield>
    </datafield>
    <datafield tag="245" ind1=" " ind2=" ">
        <subfield code="a">PROVISIONAL LIST OF DOCUMENTS/ MEETING ON SPECIAL PROBLEMS AND REQUIREMENTS OF INDUSTRIAL DEVELOPMENT IN SELECTED COUNTRIES OF THE MIDDLE EAST BEIRUT LEBANON 25-29 NOVEMBER 1974</subfield>
    </datafield>
    <datafield tag="269" ind1=" " ind2=" ">
        <subfield code="a">20031101</subfield>
    </datafield>
    <datafield tag="650" ind1=" " ind2=" ">
        <subfield code="a">INDUSTRIAL DEVELOPMENT</subfield>
        <subfield code="0">(DHLAUTH)269918</subfield>
    </datafield>
    <datafield tag="650" ind1=" " ind2=" ">
        <subfield code="a">DOCUMENTS</subfield>
        <subfield code="0">(DHLAUTH)270014</subfield>
    </datafield>
    <datafield tag="650" ind1=" " ind2=" ">
        <subfield code="a">CONFERENCES</subfield>
        <subfield code="0">(DHLAUTH)275758</subfield>
    </datafield>
    <datafield tag="650" ind1=" " ind2=" ">
        <subfield code="a">WESTERN ASIA</subfield>
        <subfield code="0">(DHLAUTH)275490</subfield>
    </datafield>
</record>