
<record>
    <datafield tag="191" ind1=" " ind2=" ">
        <subfield code="a">E/ECWA/ID/WG.3/7</subfield>
    </datafield>
    <datafield tag="245" ind1=" " ind2=" ">
        <subfield code="a">A STUDY ON VEGETABLE FATS AND OILS AND ANIMAL FEED INDUSTRY IN SYRIAN ARAB REPUBLIC/ MEETING ON SELECTED BRANCHES OF FOOD PROCESSING INDUSTRY IN THE MIDDLE EAST BEIRUT 3-8 MARCH 1975</subfield>
    </datafield>
    <datafield tag="269" ind1=" " ind2=" ">
        <subfield code="a">19750213</subfield>
    </datafield>
    <datafield tag="650" ind1=" " ind2=" ">
        <subfield code="a">FOOD INDUSTRY</subfield>
        <subfield code="0">(DHLAUTH)271313</subfield>
    </datafield>
    <datafield tag="650" ind1=" " ind2=" ">
        <subfield code="a">FOOD PROCESSING</subfield>
        <subfield code="0">(DHLAUTH)271407</subfield>
    </datafield>
    <datafield tag="650" ind1=" " ind2=" ">
        <subfield code="a">CONFERENCES</subfield>
        <subfield code="0">(DHLAUTH)275758</subfield>
    </datafield>
    <datafield tag="650" ind1=" " ind2=" ">
        <subfield code="a">MIDDLE EAST</subfield>
        <subfield code="0">(DHLAUTH)10135</subfield>
    </datafield>
    <datafield tag="650" ind1=" " ind2=" ">
        <subfield code="a">WESTERN ASIA</subfield>
        <subfield code="0">(DHLAUTH)275490</subfield>
    </datafield>
    <datafield tag="650" ind1=" " ind2=" ">
        <subfield code="a">VEGETABLE OIL INDUSTRY</subfield>
        <subfield code="0">(DHLAUTH)271780</subfield>
    </datafield>
    <datafield tag="650" ind1=" " ind2=" ">
        <subfield code="a">RAW MATERIALS</subfield>
        <subfield code="0">(DHLAUTH)268983</subfield>
    </datafield>
    <datafield tag="650" ind1=" " ind2=" ">
        <subfield code="a">ANIMAL FEED</subfield>
        <subfield code="0">(DHLAUTH)271635</subfield>
    </datafield>
    <datafield tag="650" ind1=" " ind2=" ">
        <subfield code="a">MARKETING</subfield>
        <subfield code="0">(DHLAUTH)271371</subfield>
    </datafield>
    <datafield tag="650" ind1=" " ind2=" ">
        <subfield code="a">SYRIAN ARAB REPUBLIC</subfield>
        <subfield code="0">(DHLAUTH)273496</subfield>
    </datafield>
</record>