
<record>
    <datafield tag="191" ind1=" " ind2=" ">
        <subfield code="a">E/ECWA/MTN/SEM.1/2(B)</subfield>
    </datafield>
    <datafield tag="245" ind1=" " ind2=" ">
        <subfield code="a">SPECIAL PREFERENCES FOR ECWA COUNTRIES (JORDAN, LEBANON AND SYRIA)</subfield>
    </datafield>
    <datafield tag="246" ind1=" " ind2=" ">
        <subfield code="a">افضليات خاصة لدول اللجنة الاقتصادية لغربي آسيا (الاكوا), الاردن ولبنان وسوريا</subfield>
    </datafield>
    <datafield tag="269" ind1=" " ind2=" ">
        <subfield code="a">19770822</subfield>
    </datafield>
    <datafield tag="650" ind1=" " ind2=" ">
        <subfield code="a">CONFERENCES</subfield>
        <subfield code="0">(DHLAUTH)275758</subfield>
    </datafield>
    <datafield tag="650" ind1=" " ind2=" ">
        <subfield code="a">WESTERN ASIA</subfield>
        <subfield code="0">(DHLAUTH)275490</subfield>
    </datafield>
    <datafield tag="650" ind1=" " ind2=" ">
        <subfield code="a">SYRIAN ARAB REPUBLIC</subfield>
        <subfield code="0">(DHLAUTH)273496</subfield>
    </datafield>
    <datafield tag="650" ind1=" " ind2=" ">
        <subfield code="a">MULTILATERAL TRADE NEGOTIATIONS</subfield>
        <subfield code="0">(DHLAUTH)272848</subfield>
    </datafield>
    <datafield tag="650" ind1=" " ind2=" ">
        <subfield code="a">LEBANON</subfield>
        <subfield code="0">(DHLAUTH)269069</subfield>
    </datafield>
    <datafield tag="650" ind1=" " ind2=" ">
        <subfield code="a">EXPORTS</subfield>
        <subfield code="0">(DHLAUTH)271798</subfield>
    </datafield>
    <datafield tag="650" ind1=" " ind2=" ">
        <subfield code="a">INTERNATIONAL TRADE</subfield>
        <subfield code="0">(DHLAUTH)269532</subfield>
    </datafield>
    <datafield tag="650" ind1=" " ind2=" ">
        <subfield code="a">JORDAN</subfield>
        <subfield code="0">(DHLAUTH)269099</subfield>
    </datafield>
    <datafield tag="FFT" ind1=" " ind2=" ">
        <subfield code="a">http://undhl-dgacm.s3.amazonaws.com/Drop%2FESCWA_special%2Ftemp_id_6840%2FE_ECWA_MTN_SEM.1_2%28B%29-AR.pdf</subfield>
        <subfield code="d">العربية</subfield>
        <subfield code="n">E_ECWA_MTN_SEM-1_2(B)-AR.pdf</subfield>
    </datafield>
    <datafield tag="FFT" ind1=" " ind2=" ">
        <subfield code="a">http://undhl-dgacm.s3.amazonaws.com/Drop%2FESCWA_special%2Ftemp_id_6840%2FE_ECWA_MTN_SEM.1_2%28B%29-EN.pdf</subfield>
        <subfield code="d">English</subfield>
        <subfield code="n">E_ECWA_MTN_SEM-1_2(B)-EN.pdf</subfield>
    </datafield>
</record>