
<record>
    <datafield tag="191" ind1=" " ind2=" ">
        <subfield code="a">E/ECWA/MTN/SEM.1/6</subfield>
    </datafield>
    <datafield tag="245" ind1=" " ind2=" ">
        <subfield code="a">THE ADVANTAGE TO ECWA COUNTRIES OF ACCESSION TO THE GENERAL AGREEMENT ON TARIFFS AND TRADE (GATT)</subfield>
    </datafield>
    <datafield tag="246" ind1=" " ind2=" ">
        <subfield code="a">مصلحة الدول الاعضاء في اللجنة الاقتصادية لغربي آسيا في الانضمام الى الاتفاقية العامة للتجارة والتعريفات الجمركية</subfield>
    </datafield>
    <datafield tag="269" ind1=" " ind2=" ">
        <subfield code="a">19770902</subfield>
    </datafield>
    <datafield tag="650" ind1=" " ind2=" ">
        <subfield code="a">CONFERENCES</subfield>
        <subfield code="0">(DHLAUTH)275758</subfield>
    </datafield>
    <datafield tag="650" ind1=" " ind2=" ">
        <subfield code="a">WESTERN ASIA</subfield>
        <subfield code="0">(DHLAUTH)275490</subfield>
    </datafield>
    <datafield tag="650" ind1=" " ind2=" ">
        <subfield code="a">TRADE AGREEMENTS</subfield>
        <subfield code="0">(DHLAUTH)269912</subfield>
    </datafield>
    <datafield tag="650" ind1=" " ind2=" ">
        <subfield code="a">MULTILATERAL TRADE NEGOTIATIONS</subfield>
        <subfield code="0">(DHLAUTH)272848</subfield>
    </datafield>
    <datafield tag="650" ind1=" " ind2=" ">
        <subfield code="a">TRADE LIBERALIZATION</subfield>
        <subfield code="0">(DHLAUTH)272834</subfield>
    </datafield>
    <datafield tag="650" ind1=" " ind2=" ">
        <subfield code="a">INTERNATIONAL TRADE</subfield>
        <subfield code="0">(DHLAUTH)269532</subfield>
    </datafield>
    <datafield tag="FFT" ind1=" " ind2=" ">
        <subfield code="a">http://undhl-dgacm.s3.amazonaws.com/Drop%2FESCWA_special%2Ftemp_id_6844%2FE_ECWA_MTN_SEM.1_6-AR.pdf</subfield>
        <subfield code="d">العربية</subfield>
        <subfield code="n">E_ECWA_MTN_SEM-1_6-AR.pdf</subfield>
    </datafield>
    <datafield tag="FFT" ind1=" " ind2=" ">
        <subfield code="a">http://undhl-dgacm.s3.amazonaws.com/Drop%2FESCWA_special%2Ftemp_id_6844%2FE_ECWA_MTN_SEM.1_6-EN.pdf</subfield>
        <subfield code="d">English</subfield>
        <subfield code="n">E_ECWA_MTN_SEM-1_6-EN.pdf</subfield>
    </datafield>
</record>