
<record>
    <datafield tag="191" ind1=" " ind2=" ">
        <subfield code="a">E/ECWA/NR/85/WG.4/13</subfield>
    </datafield>
    <datafield tag="245" ind1=" " ind2=" ">
        <subfield code="a">PROSPECTS AND PROGNOSIS ON IMPROVING ECONOMIC PLANTS THROUGH RADIATIONS AND RADIOISOTOPES IN THE ARAB COUNTRIES/ SUMMARY</subfield>
    </datafield>
    <datafield tag="246" ind1=" " ind2=" ">
        <subfield code="a">طموحات وتشخيص عن استخدام الاشعاع والنظائر المشعة في تحسين النباتات الاقتصادية في الدول العربية/ ملخص</subfield>
    </datafield>
    <datafield tag="269" ind1=" " ind2=" ">
        <subfield code="a">19850508</subfield>
    </datafield>
    <datafield tag="650" ind1=" " ind2=" ">
        <subfield code="a">CONFERENCES</subfield>
        <subfield code="0">(DHLAUTH)275758</subfield>
    </datafield>
    <datafield tag="650" ind1=" " ind2=" ">
        <subfield code="a">WESTERN ASIA</subfield>
        <subfield code="0">(DHLAUTH)275490</subfield>
    </datafield>
    <datafield tag="650" ind1=" " ind2=" ">
        <subfield code="a">NUCLEAR AGRICULTURE</subfield>
        <subfield code="0">(DHLAUTH)271435</subfield>
    </datafield>
    <datafield tag="650" ind1=" " ind2=" ">
        <subfield code="a">PLANTS</subfield>
        <subfield code="0">(DHLAUTH)270937</subfield>
    </datafield>
    <datafield tag="650" ind1=" " ind2=" ">
        <subfield code="a">RADIOISOTOPES</subfield>
        <subfield code="0">(DHLAUTH)271162</subfield>
    </datafield>
</record>