
<record>
    <datafield tag="191" ind1=" " ind2=" ">
        <subfield code="a">E/ECWA/NR/85/WG.4/14</subfield>
    </datafield>
    <datafield tag="245" ind1=" " ind2=" ">
        <subfield code="a">DEVELOPMENT OF REGIONAL NUCLEAR INFORMATION CENTRE FOR THE MIDDLE EASTERN COUNTRIES/ SUMMARY</subfield>
    </datafield>
    <datafield tag="246" ind1=" " ind2=" ">
        <subfield code="a">انشاء مركز اقليمي للمعلومات في العلوم النووية في الشرق الاوسط/ ملخص</subfield>
    </datafield>
    <datafield tag="269" ind1=" " ind2=" ">
        <subfield code="a">19850508</subfield>
    </datafield>
    <datafield tag="650" ind1=" " ind2=" ">
        <subfield code="a">CONFERENCES</subfield>
        <subfield code="0">(DHLAUTH)275758</subfield>
    </datafield>
    <datafield tag="650" ind1=" " ind2=" ">
        <subfield code="a">WESTERN ASIA</subfield>
        <subfield code="0">(DHLAUTH)275490</subfield>
    </datafield>
    <datafield tag="650" ind1=" " ind2=" ">
        <subfield code="a">MIDDLE EAST</subfield>
        <subfield code="0">(DHLAUTH)10135</subfield>
    </datafield>
    <datafield tag="650" ind1=" " ind2=" ">
        <subfield code="a">INFORMATION CENTRES</subfield>
        <subfield code="0">(DHLAUTH)275071</subfield>
    </datafield>
    <datafield tag="650" ind1=" " ind2=" ">
        <subfield code="a">NUCLEAR SCIENCE</subfield>
        <subfield code="0">(DHLAUTH)273953</subfield>
    </datafield>
</record>