
<record>
    <datafield tag="191" ind1=" " ind2=" ">
        <subfield code="a">E/ECWA/NR/CONF.2/CP.5/ADD.1</subfield>
    </datafield>
    <datafield tag="245" ind1=" " ind2=" ">
        <subfield code="a">SUMMARY OF THE NATIONAL PAPER OF THE ARAB REPUBLIC OF EGYPT/ SECOND PREPARATORY REGIONAL MEETING FOR THE UNITED NATIONS ON SCIENCE AND TECHNOLOGY FOR DEVELOPMENT 12-14 SPTEMBER 1978 AMMAN JORDAN.</subfield>
    </datafield>
    <datafield tag="246" ind1=" " ind2=" ">
        <subfield code="a">ملخص الورقة الوطنية لجمهورية مصر العربية/  الاجتماع التحضيرى الاقليمي الثاني لمؤتمر الامم المتحدة العالمي للعلم والتكنولوجيا للتنمية 12-14 ايلول /سبتمبر 1978 عمان الاردن</subfield>
    </datafield>
    <datafield tag="269" ind1=" " ind2=" ">
        <subfield code="a">19780807</subfield>
    </datafield>
    <datafield tag="650" ind1=" " ind2=" ">
        <subfield code="a">ECONOMIC DEVELOPMENT</subfield>
        <subfield code="0">(DHLAUTH)269755</subfield>
    </datafield>
    <datafield tag="650" ind1=" " ind2=" ">
        <subfield code="a">CONFERENCES</subfield>
        <subfield code="0">(DHLAUTH)275758</subfield>
    </datafield>
    <datafield tag="650" ind1=" " ind2=" ">
        <subfield code="a">WESTERN ASIA</subfield>
        <subfield code="0">(DHLAUTH)275490</subfield>
    </datafield>
    <datafield tag="650" ind1=" " ind2=" ">
        <subfield code="a">INTERNATIONAL COOPERATION</subfield>
        <subfield code="0">(DHLAUTH)268622</subfield>
    </datafield>
    <datafield tag="650" ind1=" " ind2=" ">
        <subfield code="a">TECHNOLOGY TRANSFER</subfield>
        <subfield code="0">(DHLAUTH)271882</subfield>
    </datafield>
    <datafield tag="650" ind1=" " ind2=" ">
        <subfield code="a">SCIENCE AND TECHNOLOGY POLICY</subfield>
        <subfield code="0">(DHLAUTH)275207</subfield>
    </datafield>
    <datafield tag="650" ind1=" " ind2=" ">
        <subfield code="a">ACTIVITIES</subfield>
        <subfield code="0">(DHLAUTH)275823</subfield>
    </datafield>
    <datafield tag="650" ind1=" " ind2=" ">
        <subfield code="a">EGYPT</subfield>
        <subfield code="0">(DHLAUTH)273328</subfield>
    </datafield>
    <datafield tag="650" ind1=" " ind2=" ">
        <subfield code="a">SCIENCE AND TECHNOLOGY</subfield>
        <subfield code="0">(DHLAUTH)275209</subfield>
    </datafield>
    <datafield tag="FFT" ind1=" " ind2=" ">
        <subfield code="a">http://undhl-dgacm.s3.amazonaws.com/Drop%2FESCWA_special%2Ftemp_id_6941%2FE_ECWA_NR_CONF.2_CP.5_ADD.1-AR.pdf</subfield>
        <subfield code="d">العربية</subfield>
        <subfield code="n">E_ECWA_NR_CONF-2_CP-5_ADD-1-AR.pdf</subfield>
    </datafield>
    <datafield tag="FFT" ind1=" " ind2=" ">
        <subfield code="a">http://undhl-dgacm.s3.amazonaws.com/Drop%2FESCWA_special%2Ftemp_id_6941%2FE_ECWA_NR_CONF.2_CP.5_ADD.1-EN.pdf</subfield>
        <subfield code="d">English</subfield>
        <subfield code="n">E_ECWA_NR_CONF-2_CP-5_ADD-1-EN.pdf</subfield>
    </datafield>
</record>