
<record>
    <datafield tag="191" ind1=" " ind2=" ">
        <subfield code="a">E/ECWA/NR/SEM.1/13</subfield>
    </datafield>
    <datafield tag="245" ind1=" " ind2=" ">
        <subfield code="a">ADAPTATION OF NEW TECHNOLOGY AND AGRONOMIC PRACTICES TO COUNTRIES OF THE ECWA REGION CASE STUDY: IRAQ</subfield>
    </datafield>
    <datafield tag="269" ind1=" " ind2=" ">
        <subfield code="a">19770901</subfield>
    </datafield>
    <datafield tag="650" ind1=" " ind2=" ">
        <subfield code="a">CONFERENCES</subfield>
        <subfield code="0">(DHLAUTH)275758</subfield>
    </datafield>
    <datafield tag="650" ind1=" " ind2=" ">
        <subfield code="a">WESTERN ASIA</subfield>
        <subfield code="0">(DHLAUTH)275490</subfield>
    </datafield>
    <datafield tag="650" ind1=" " ind2=" ">
        <subfield code="a">TECHNOLOGY TRANSFER</subfield>
        <subfield code="0">(DHLAUTH)271882</subfield>
    </datafield>
    <datafield tag="650" ind1=" " ind2=" ">
        <subfield code="a">AGRICULTURE</subfield>
        <subfield code="0">(DHLAUTH)271335</subfield>
    </datafield>
    <datafield tag="650" ind1=" " ind2=" ">
        <subfield code="a">CASE STUDIES</subfield>
        <subfield code="0">(DHLAUTH)274639</subfield>
    </datafield>
    <datafield tag="650" ind1=" " ind2=" ">
        <subfield code="a">IRAQ</subfield>
        <subfield code="0">(DHLAUTH)273370</subfield>
    </datafield>
    <datafield tag="650" ind1=" " ind2=" ">
        <subfield code="a">NEW TECHNOLOGIES</subfield>
        <subfield code="0">(DHLAUTH)271842</subfield>
    </datafield>
    <datafield tag="650" ind1=" " ind2=" ">
        <subfield code="a">FARMERS</subfield>
        <subfield code="0">(DHLAUTH)271423</subfield>
    </datafield>
    <datafield tag="650" ind1=" " ind2=" ">
        <subfield code="a">IRRIGATION FARMING</subfield>
        <subfield code="0">(DHLAUTH)271418</subfield>
    </datafield>
    <datafield tag="FFT" ind1=" " ind2=" ">
        <subfield code="a">http://undhl-dgacm.s3.amazonaws.com/Drop%2FESCWA_special%2Ftemp_id_7004%2FE_ECWA_NR_SEM.1_13-EN.pdf</subfield>
        <subfield code="d">English</subfield>
        <subfield code="n">E_ECWA_NR_SEM-1_13-EN.pdf</subfield>
    </datafield>
</record>