
<record>
    <datafield tag="191" ind1=" " ind2=" ">
        <subfield code="a">E/ECWA/NR/SEM.2/28</subfield>
    </datafield>
    <datafield tag="245" ind1=" " ind2=" ">
        <subfield code="a">اثر هجرة الكفاءات السودانية على التنمية الاقتصادية والتعليم, ندوة حول هجرة الكفاءات العربية 4-8 شباط/فبراير 1980 بيروت لبنان</subfield>
    </datafield>
    <datafield tag="269" ind1=" " ind2=" ">
        <subfield code="a">19800205</subfield>
    </datafield>
    <datafield tag="650" ind1=" " ind2=" ">
        <subfield code="a">BRAIN DRAIN</subfield>
        <subfield code="0">(DHLAUTH)273007</subfield>
    </datafield>
    <datafield tag="650" ind1=" " ind2=" ">
        <subfield code="a">CONFERENCES</subfield>
        <subfield code="0">(DHLAUTH)275758</subfield>
    </datafield>
    <datafield tag="650" ind1=" " ind2=" ">
        <subfield code="a">EDUCATION</subfield>
        <subfield code="0">(DHLAUTH)268926</subfield>
    </datafield>
    <datafield tag="650" ind1=" " ind2=" ">
        <subfield code="a">EDUCATIONAL POLICY</subfield>
        <subfield code="0">(DHLAUTH)269903</subfield>
    </datafield>
    <datafield tag="650" ind1=" " ind2=" ">
        <subfield code="a">SUDAN</subfield>
        <subfield code="0">(DHLAUTH)273486</subfield>
    </datafield>
    <datafield tag="650" ind1=" " ind2=" ">
        <subfield code="a">ECONOMIC DEVELOPMENT</subfield>
        <subfield code="0">(DHLAUTH)269755</subfield>
    </datafield>
    <datafield tag="650" ind1=" " ind2=" ">
        <subfield code="a">UNIVERSITIES AND COLLEGES</subfield>
        <subfield code="0">(DHLAUTH)273940</subfield>
    </datafield>
    <datafield tag="650" ind1=" " ind2=" ">
        <subfield code="a">STATISTICAL DATA</subfield>
        <subfield code="0">(DHLAUTH)270233</subfield>
    </datafield>
    <datafield tag="FFT" ind1=" " ind2=" ">
        <subfield code="a">http://undhl-dgacm.s3.amazonaws.com/Drop%2FESCWA_special%2Ftemp_id_7052%2FE_ECWA_NR_SEM.2_28-AR.pdf</subfield>
        <subfield code="d">العربية</subfield>
        <subfield code="n">E_ECWA_NR_SEM-2_28-AR.pdf</subfield>
    </datafield>
</record>