
<record>
    <datafield tag="191" ind1=" " ind2=" ">
        <subfield code="a">E/ECWA/NR/WG.1/INF.2/REV.2</subfield>
    </datafield>
    <datafield tag="245" ind1=" " ind2=" ">
        <subfield code="a">LIST OF DOCUMENTS/ REGIONAL PREPARATORY EXPERT GROUP MEETING FOR THE UNITED NATIONS CONFERENCE ON NEW AND RENEWABLE SOURCES OF ENERGY BEIRUT, 12-16 JANUARY 1981</subfield>
    </datafield>
    <datafield tag="246" ind1=" " ind2=" ">
        <subfield code="a">قائمة الوثائق/ اجتماع فريق الخبراء الاقليمي التحضيرى لمؤتمر الامم المتحدة المعني بمصادر الطاقة الجديدة والمتجددة بيروت, 12-16 كانون الثاني 1981</subfield>
    </datafield>
    <datafield tag="269" ind1=" " ind2=" ">
        <subfield code="a">19810101</subfield>
    </datafield>
    <datafield tag="650" ind1=" " ind2=" ">
        <subfield code="a">CONFERENCES</subfield>
        <subfield code="0">(DHLAUTH)275758</subfield>
    </datafield>
    <datafield tag="650" ind1=" " ind2=" ">
        <subfield code="a">RENEWABLE RESOURCES</subfield>
        <subfield code="0">(DHLAUTH)270564</subfield>
    </datafield>
    <datafield tag="650" ind1=" " ind2=" ">
        <subfield code="a">WESTERN ASIA</subfield>
        <subfield code="0">(DHLAUTH)275490</subfield>
    </datafield>
    <datafield tag="650" ind1=" " ind2=" ">
        <subfield code="a">RENEWABLE ENERGY SOURCES</subfield>
        <subfield code="0">(DHLAUTH)270594</subfield>
    </datafield>
    <datafield tag="650" ind1=" " ind2=" ">
        <subfield code="a">DOCUMENTS</subfield>
        <subfield code="0">(DHLAUTH)270014</subfield>
    </datafield>
</record>