
<record>
    <datafield tag="191" ind1=" " ind2=" ">
        <subfield code="a">E/ECWA/POP/1977/12</subfield>
    </datafield>
    <datafield tag="245" ind1=" " ind2=" ">
        <subfield code="a">النشرة السكانية العدد الثاني عشر, كانون الثاني 1977</subfield>
    </datafield>
    <datafield tag="269" ind1=" " ind2=" ">
        <subfield code="a">19770101</subfield>
    </datafield>
    <datafield tag="650" ind1=" " ind2=" ">
        <subfield code="a">POPULATION</subfield>
        <subfield code="0">(DHLAUTH)272994</subfield>
    </datafield>
    <datafield tag="650" ind1=" " ind2=" ">
        <subfield code="a">POPULATION TRENDS</subfield>
        <subfield code="0">(DHLAUTH)272985</subfield>
    </datafield>
    <datafield tag="650" ind1=" " ind2=" ">
        <subfield code="a">DEMOGRAPHIC ANALYSIS</subfield>
        <subfield code="0">(DHLAUTH)272979</subfield>
    </datafield>
    <datafield tag="650" ind1=" " ind2=" ">
        <subfield code="a">WOMEN</subfield>
        <subfield code="0">(DHLAUTH)273032</subfield>
    </datafield>
    <datafield tag="650" ind1=" " ind2=" ">
        <subfield code="a">POPULATION POLICY</subfield>
        <subfield code="0">(DHLAUTH)269905</subfield>
    </datafield>
    <datafield tag="650" ind1=" " ind2=" ">
        <subfield code="a">POPULATION GROWTH</subfield>
        <subfield code="0">(DHLAUTH)272944</subfield>
    </datafield>
    <datafield tag="650" ind1=" " ind2=" ">
        <subfield code="a">IMMIGRATION</subfield>
        <subfield code="0">(DHLAUTH)273008</subfield>
    </datafield>
    <datafield tag="650" ind1=" " ind2=" ">
        <subfield code="a">SOCIAL CONDITIONS</subfield>
        <subfield code="0">(DHLAUTH)268327</subfield>
    </datafield>
    <datafield tag="FFT" ind1=" " ind2=" ">
        <subfield code="a">http://undhl-dgacm.s3.amazonaws.com/Drop%2FESCWA_special%2Ftemp_id_7127%2FE_ECWA_POP_1977_12-AR.pdf</subfield>
        <subfield code="d">العربية</subfield>
        <subfield code="n">E_ECWA_POP_1977_12-AR.pdf</subfield>
    </datafield>
</record>