
<record>
    <datafield tag="191" ind1=" " ind2=" ">
        <subfield code="a">E/ECWA/POP/CONF.2/8/ADD.5</subfield>
    </datafield>
    <datafield tag="245" ind1=" " ind2=" ">
        <subfield code="a">THE ROLE OF UNITED NATIONS AGENCIES AND REGIONAL ORGANIZATIONS IN THE POPULATION FIELD UNRWA/ UN/UNFPA POST WORLD POPULATION CONFERENCE AND CONSULTATION FOR THE ECWA REGION DOHA 24-28 MARCH 1975</subfield>
    </datafield>
    <datafield tag="269" ind1=" " ind2=" ">
        <subfield code="a">19750320</subfield>
    </datafield>
    <datafield tag="650" ind1=" " ind2=" ">
        <subfield code="a">POPULATION</subfield>
        <subfield code="0">(DHLAUTH)272994</subfield>
    </datafield>
    <datafield tag="650" ind1=" " ind2=" ">
        <subfield code="a">CONFERENCES</subfield>
        <subfield code="0">(DHLAUTH)275758</subfield>
    </datafield>
    <datafield tag="650" ind1=" " ind2=" ">
        <subfield code="a">WESTERN ASIA</subfield>
        <subfield code="0">(DHLAUTH)275490</subfield>
    </datafield>
    <datafield tag="650" ind1=" " ind2=" ">
        <subfield code="a">ACTIVITIES</subfield>
        <subfield code="0">(DHLAUTH)275823</subfield>
    </datafield>
    <datafield tag="FFT" ind1=" " ind2=" ">
        <subfield code="a">http://undhl-dgacm.s3.amazonaws.com/Drop%2FESCWA_special%2Ftemp_id_7154%2FE_ECWA_POP_CONF.2_8_ADD.5-EN.pdf</subfield>
        <subfield code="d">English</subfield>
        <subfield code="n">E_ECWA_POP_CONF-2_8_ADD-5-EN.pdf</subfield>
    </datafield>
</record>