
<record>
    <datafield tag="191" ind1=" " ind2=" ">
        <subfield code="a">E/ECWA/POP/CONF.2/9</subfield>
    </datafield>
    <datafield tag="245" ind1=" " ind2=" ">
        <subfield code="a">POPULATION SITUATION IN THE PEOPLE DEMOCRATIC REPUBLIC OF YEMEN/ UN/UNFPA POST WORLD POPULATION CONFERENCE AND CONSULTATION FOR THE ECWA REGION DOHA, 24-28 MARCH 1975</subfield>
    </datafield>
    <datafield tag="246" ind1=" " ind2=" ">
        <subfield code="a">الوضع السكاني في جمهورية اليمن الديمقراطية الشعبية/ الاجتماع الاستشاري للامم المتحدة وصندوقها للنشاطات السكانية لمتابعة مقررات المؤتمر العالمي للسكان في منطقة غرب اسيا الدوحة, 24-28 آذار 1975</subfield>
    </datafield>
    <datafield tag="269" ind1=" " ind2=" ">
        <subfield code="a">19750429</subfield>
    </datafield>
    <datafield tag="650" ind1=" " ind2=" ">
        <subfield code="a">CONFERENCES</subfield>
        <subfield code="0">(DHLAUTH)275758</subfield>
    </datafield>
    <datafield tag="650" ind1=" " ind2=" ">
        <subfield code="a">WESTERN ASIA</subfield>
        <subfield code="0">(DHLAUTH)275490</subfield>
    </datafield>
    <datafield tag="650" ind1=" " ind2=" ">
        <subfield code="a">POPULATION COMPOSITION</subfield>
        <subfield code="0">(DHLAUTH)272937</subfield>
    </datafield>
    <datafield tag="650" ind1=" " ind2=" ">
        <subfield code="a">POPULATION DISTRIBUTION</subfield>
        <subfield code="0">(DHLAUTH)272996</subfield>
    </datafield>
    <datafield tag="650" ind1=" " ind2=" ">
        <subfield code="a">MORTALITY</subfield>
        <subfield code="0">(DHLAUTH)272982</subfield>
    </datafield>
    <datafield tag="650" ind1=" " ind2=" ">
        <subfield code="a">FERTILITY</subfield>
        <subfield code="0">(DHLAUTH)273021</subfield>
    </datafield>
    <datafield tag="650" ind1=" " ind2=" ">
        <subfield code="a">MIGRATION</subfield>
        <subfield code="0">(DHLAUTH)273027</subfield>
    </datafield>
    <datafield tag="650" ind1=" " ind2=" ">
        <subfield code="a">POPULATION TRENDS</subfield>
        <subfield code="0">(DHLAUTH)272985</subfield>
    </datafield>
    <datafield tag="650" ind1=" " ind2=" ">
        <subfield code="a">POPULATION SIZE</subfield>
        <subfield code="0">(DHLAUTH)272998</subfield>
    </datafield>
    <datafield tag="650" ind1=" " ind2=" ">
        <subfield code="a">YEMEN</subfield>
        <subfield code="0">(DHLAUTH)273521</subfield>
    </datafield>
    <datafield tag="FFT" ind1=" " ind2=" ">
        <subfield code="a">http://undhl-dgacm.s3.amazonaws.com/Drop%2FESCWA_special%2Ftemp_id_7155%2FE_ECWA_POP_CONF.2_9-AR.pdf</subfield>
        <subfield code="d">العربية</subfield>
        <subfield code="n">E_ECWA_POP_CONF-2_9-AR.pdf</subfield>
    </datafield>
    <datafield tag="FFT" ind1=" " ind2=" ">
        <subfield code="a">http://undhl-dgacm.s3.amazonaws.com/Drop%2FESCWA_special%2Ftemp_id_7155%2FE_ECWA_POP_CONF.2_9-EN.pdf</subfield>
        <subfield code="d">English</subfield>
        <subfield code="n">E_ECWA_POP_CONF-2_9-EN.pdf</subfield>
    </datafield>
</record>