
<record>
    <datafield tag="191" ind1=" " ind2=" ">
        <subfield code="a">E/ECWA/POP/WG.12/BP.18</subfield>
    </datafield>
    <datafield tag="245" ind1=" " ind2=" ">
        <subfield code="a">LABOR MIGRATION IN THE MIDDLE EAST AND NORTH AFRICA AND ITS ECONOMIC IMPLICATIONS</subfield>
    </datafield>
    <datafield tag="246" ind1=" " ind2=" ">
        <subfield code="a">هجرة اليد العاملة في الشرق الاوسط وشمالي افريقيا وأثارها الاقتصادية</subfield>
    </datafield>
    <datafield tag="269" ind1=" " ind2=" ">
        <subfield code="a">19781126</subfield>
    </datafield>
    <datafield tag="650" ind1=" " ind2=" ">
        <subfield code="a">CONFERENCES</subfield>
        <subfield code="0">(DHLAUTH)275758</subfield>
    </datafield>
    <datafield tag="650" ind1=" " ind2=" ">
        <subfield code="a">WESTERN ASIA</subfield>
        <subfield code="0">(DHLAUTH)275490</subfield>
    </datafield>
    <datafield tag="650" ind1=" " ind2=" ">
        <subfield code="a">REMITTANCES</subfield>
        <subfield code="0">(DHLAUTH)270415</subfield>
    </datafield>
    <datafield tag="650" ind1=" " ind2=" ">
        <subfield code="a">MANPOWER</subfield>
        <subfield code="0">(DHLAUTH)273105</subfield>
    </datafield>
    <datafield tag="650" ind1=" " ind2=" ">
        <subfield code="a">IMMIGRANTS</subfield>
        <subfield code="0">(DHLAUTH)273042</subfield>
    </datafield>
</record>