
<record>
    <datafield tag="191" ind1=" " ind2=" ">
        <subfield code="a">E/ECWA/POP/WG.12/INF.2</subfield>
    </datafield>
    <datafield tag="245" ind1=" " ind2=" ">
        <subfield code="a">LIST OF DOCUMENTS/ SEMINAR ON POPULATION AND DEVELOPMENT IN THE ECWA REGION 18-30 NOVEMBER 1978 AMMAN, JORDAN</subfield>
    </datafield>
    <datafield tag="246" ind1=" " ind2=" ">
        <subfield code="a">قائمة الوثائق/ ندوة السكان والتنمية في منطقة غربي آسيا 18-30 تشرين الثاني نوفمبر 1978</subfield>
    </datafield>
    <datafield tag="269" ind1=" " ind2=" ">
        <subfield code="a">19781108</subfield>
    </datafield>
    <datafield tag="650" ind1=" " ind2=" ">
        <subfield code="a">DOCUMENTS</subfield>
        <subfield code="0">(DHLAUTH)270014</subfield>
    </datafield>
    <datafield tag="650" ind1=" " ind2=" ">
        <subfield code="a">CONFERENCES</subfield>
        <subfield code="0">(DHLAUTH)275758</subfield>
    </datafield>
    <datafield tag="650" ind1=" " ind2=" ">
        <subfield code="a">WESTERN ASIA</subfield>
        <subfield code="0">(DHLAUTH)275490</subfield>
    </datafield>
</record>