
<record>
    <datafield tag="191" ind1=" " ind2=" ">
        <subfield code="a">E/ECWA/POP/WG.13/5</subfield>
    </datafield>
    <datafield tag="245" ind1=" " ind2=" ">
        <subfield code="a">POPULATION ESTIMATES AND PROJECTIONS AT THE UNITED NATIONS : A BRIEF OVERVIEW OF OBJECTIVES, TECHNIQUES AND RESULTS</subfield>
    </datafield>
    <datafield tag="246" ind1=" " ind2=" ">
        <subfield code="a">التقديرات والاسقاطات السكانية لدى الامم المتحدة: لمحة موجزة عن الاهداف والتقنيات والنتائج</subfield>
    </datafield>
    <datafield tag="269" ind1=" " ind2=" ">
        <subfield code="a">19800522</subfield>
    </datafield>
    <datafield tag="650" ind1=" " ind2=" ">
        <subfield code="a">DATA ANALYSIS</subfield>
        <subfield code="0">(DHLAUTH)275260</subfield>
    </datafield>
    <datafield tag="650" ind1=" " ind2=" ">
        <subfield code="a">CONFERENCES</subfield>
        <subfield code="0">(DHLAUTH)275758</subfield>
    </datafield>
    <datafield tag="650" ind1=" " ind2=" ">
        <subfield code="a">MORTALITY</subfield>
        <subfield code="0">(DHLAUTH)272982</subfield>
    </datafield>
    <datafield tag="650" ind1=" " ind2=" ">
        <subfield code="a">WESTERN ASIA</subfield>
        <subfield code="0">(DHLAUTH)275490</subfield>
    </datafield>
    <datafield tag="650" ind1=" " ind2=" ">
        <subfield code="a">AGE DISTRIBUTION</subfield>
        <subfield code="0">(DHLAUTH)269146</subfield>
    </datafield>
    <datafield tag="650" ind1=" " ind2=" ">
        <subfield code="a">MIGRATION</subfield>
        <subfield code="0">(DHLAUTH)273027</subfield>
    </datafield>
    <datafield tag="650" ind1=" " ind2=" ">
        <subfield code="a">FERTILITY</subfield>
        <subfield code="0">(DHLAUTH)273021</subfield>
    </datafield>
    <datafield tag="650" ind1=" " ind2=" ">
        <subfield code="a">POPULATION FORECASTS</subfield>
        <subfield code="0">(DHLAUTH)273109</subfield>
    </datafield>
    <datafield tag="650" ind1=" " ind2=" ">
        <subfield code="a">T0013489?</subfield>
        <subfield code="0">(DHLAUTH)?</subfield>
    </datafield>
</record>