
<record>
    <datafield tag="191" ind1=" " ind2=" ">
        <subfield code="a">E/ECWA/POP/WG.6/6</subfield>
    </datafield>
    <datafield tag="245" ind1=" " ind2=" ">
        <subfield code="a">PROBLEMS OF CONDUCTING POPULATION CENSUSES AND SURVEYS IN COUNTRIES OF THE MIDDLE EAST</subfield>
    </datafield>
    <datafield tag="246" ind1=" " ind2=" ">
        <subfield code="a">مشكلات اجراء التعدادات والمسوح السكانية خاصة بدول الشرق الاوسط</subfield>
    </datafield>
    <datafield tag="269" ind1=" " ind2=" ">
        <subfield code="a">19761120</subfield>
    </datafield>
    <datafield tag="650" ind1=" " ind2=" ">
        <subfield code="a">WESTERN ASIA</subfield>
        <subfield code="0">(DHLAUTH)275490</subfield>
    </datafield>
    <datafield tag="650" ind1=" " ind2=" ">
        <subfield code="a">CONFERENCES</subfield>
        <subfield code="0">(DHLAUTH)275758</subfield>
    </datafield>
    <datafield tag="650" ind1=" " ind2=" ">
        <subfield code="a">DATA COLLECTION</subfield>
        <subfield code="0">(DHLAUTH)270174</subfield>
    </datafield>
    <datafield tag="650" ind1=" " ind2=" ">
        <subfield code="a">POPULATION CENSUSES</subfield>
        <subfield code="0">(DHLAUTH)270178</subfield>
    </datafield>
    <datafield tag="650" ind1=" " ind2=" ">
        <subfield code="a">SURVEYS</subfield>
        <subfield code="0">(DHLAUTH)269793</subfield>
    </datafield>
    <datafield tag="650" ind1=" " ind2=" ">
        <subfield code="a">MIDDLE EAST</subfield>
        <subfield code="0">(DHLAUTH)10135</subfield>
    </datafield>
</record>