
<record>
    <datafield tag="191" ind1=" " ind2=" ">
        <subfield code="a">E/ECWA/POP/WG.7/1</subfield>
    </datafield>
    <datafield tag="245" ind1=" " ind2=" ">
        <subfield code="a">بعض الملاحظات المنهجية المتعلقة بالدراسات الاحصائية الخاصة بالشعب العربي الفلسطيني/ اجتماع الخبراء التحضيري حول احصاء الشعب العربي الفلسطيني 6-9 حزيران 1977 دمشق</subfield>
    </datafield>
    <datafield tag="269" ind1=" " ind2=" ">
        <subfield code="a">19770516</subfield>
    </datafield>
    <datafield tag="650" ind1=" " ind2=" ">
        <subfield code="a">CONFERENCES</subfield>
        <subfield code="0">(DHLAUTH)275758</subfield>
    </datafield>
    <datafield tag="650" ind1=" " ind2=" ">
        <subfield code="a">WESTERN ASIA</subfield>
        <subfield code="0">(DHLAUTH)275490</subfield>
    </datafield>
    <datafield tag="650" ind1=" " ind2=" ">
        <subfield code="a">PALESTINE QUESTION</subfield>
        <subfield code="0">(DHLAUTH)268363</subfield>
    </datafield>
    <datafield tag="650" ind1=" " ind2=" ">
        <subfield code="a">DEMOGRAPHIC STATISTICS</subfield>
        <subfield code="0">(DHLAUTH)270229</subfield>
    </datafield>
</record>