
<record>
    <datafield tag="191" ind1=" " ind2=" ">
        <subfield code="a">E/ECWA/POP/WG.9/BP.2</subfield>
    </datafield>
    <datafield tag="245" ind1=" " ind2=" ">
        <subfield code="a">CENSUS DATA REQUIRED FOR INDIRECT METHODS OF ESTIMATING DEMOGRAPHIC PARAMETERS 1980 ROUND OF CENSUSES/ EXPERT GROUP MEETING ON CENSUS TECHNIQUES 12- 16 DECEMBER 1977 BEIRUT, LEBANON</subfield>
    </datafield>
    <datafield tag="246" ind1=" " ind2=" ">
        <subfield code="a">بيانات التعداد المطلوبة لتقدير المعالم الديموغرافية بالطرق الغير المباشرة/ اجتماع الخبراء حول الاساليب الخاصة بتعدادت السكان والمساكن 12- 16 كانون الاول /ديسمبر 1977 بيروت, لبنان</subfield>
    </datafield>
    <datafield tag="269" ind1=" " ind2=" ">
        <subfield code="a">19771103</subfield>
    </datafield>
    <datafield tag="650" ind1=" " ind2=" ">
        <subfield code="a">CONFERENCES</subfield>
        <subfield code="0">(DHLAUTH)275758</subfield>
    </datafield>
    <datafield tag="650" ind1=" " ind2=" ">
        <subfield code="a">POPULATION CENSUSES</subfield>
        <subfield code="0">(DHLAUTH)270178</subfield>
    </datafield>
    <datafield tag="650" ind1=" " ind2=" ">
        <subfield code="a">WESTERN ASIA</subfield>
        <subfield code="0">(DHLAUTH)275490</subfield>
    </datafield>
    <datafield tag="650" ind1=" " ind2=" ">
        <subfield code="a">HOUSING CENSUSES</subfield>
        <subfield code="0">(DHLAUTH)304326</subfield>
    </datafield>
    <datafield tag="650" ind1=" " ind2=" ">
        <subfield code="a">T0013489?</subfield>
        <subfield code="0">(DHLAUTH)?</subfield>
    </datafield>
</record>