
<record>
    <datafield tag="191" ind1=" " ind2=" ">
        <subfield code="a">E/ECWA/SDP/84/CONF.2/3/REV.2</subfield>
    </datafield>
    <datafield tag="245" ind1=" " ind2=" ">
        <subfield code="a">STRATEGY FOR THE DEVELOPMENT OF ARAB WOMEN IN WESTERN ASIA TO THE YEAR 2000/ REGIONAL PREPARATORY MEETING FOR THE WORLD CONFERENCE ON THE UNITED NATIONS DECADE FOR WOMEN BAGHDAD IRAQ, 3-6 DECEMBER 1984</subfield>
    </datafield>
    <datafield tag="269" ind1=" " ind2=" ">
        <subfield code="a">19850121</subfield>
    </datafield>
    <datafield tag="650" ind1=" " ind2=" ">
        <subfield code="a">WOMEN'S ADVANCEMENT</subfield>
        <subfield code="0">(DHLAUTH)273158</subfield>
    </datafield>
    <datafield tag="650" ind1=" " ind2=" ">
        <subfield code="a">WOMEN'S ORGANIZATIONS</subfield>
        <subfield code="0">(DHLAUTH)273160</subfield>
    </datafield>
    <datafield tag="650" ind1=" " ind2=" ">
        <subfield code="a">WOMEN'S STATUS</subfield>
        <subfield code="0">(DHLAUTH)269378</subfield>
    </datafield>
    <datafield tag="650" ind1=" " ind2=" ">
        <subfield code="a">POLITICAL CONDITIONS</subfield>
        <subfield code="0">(DHLAUTH)268326</subfield>
    </datafield>
    <datafield tag="650" ind1=" " ind2=" ">
        <subfield code="a">POLITICAL PARTICIPATION</subfield>
        <subfield code="0">(DHLAUTH)268475</subfield>
    </datafield>
    <datafield tag="650" ind1=" " ind2=" ">
        <subfield code="a">SOCIAL ACCOUNTING</subfield>
        <subfield code="0">(DHLAUTH)269818</subfield>
    </datafield>
    <datafield tag="650" ind1=" " ind2=" ">
        <subfield code="a">SOCIAL INDICATORS</subfield>
        <subfield code="0">(DHLAUTH)269644</subfield>
    </datafield>
    <datafield tag="650" ind1=" " ind2=" ">
        <subfield code="a">SOCIALLY DISADVANTAGED PERSONS</subfield>
        <subfield code="0">(DHLAUTH)274515</subfield>
    </datafield>
    <datafield tag="650" ind1=" " ind2=" ">
        <subfield code="a">COMMUNICATIONS</subfield>
        <subfield code="0">(DHLAUTH)272411</subfield>
    </datafield>
    <datafield tag="650" ind1=" " ind2=" ">
        <subfield code="a">EDUCATION</subfield>
        <subfield code="0">(DHLAUTH)268926</subfield>
    </datafield>
    <datafield tag="650" ind1=" " ind2=" ">
        <subfield code="a">EMPLOYMENT</subfield>
        <subfield code="0">(DHLAUTH)269797</subfield>
    </datafield>
    <datafield tag="650" ind1=" " ind2=" ">
        <subfield code="a">HEALTH SERVICES</subfield>
        <subfield code="0">(DHLAUTH)273200</subfield>
    </datafield>
    <datafield tag="650" ind1=" " ind2=" ">
        <subfield code="a">FAMILY</subfield>
        <subfield code="0">(DHLAUTH)269293</subfield>
    </datafield>
    <datafield tag="650" ind1=" " ind2=" ">
        <subfield code="a">LEBANON SITUATION</subfield>
        <subfield code="0">(DHLAUTH)269068</subfield>
    </datafield>
    <datafield tag="650" ind1=" " ind2=" ">
        <subfield code="a">REGIONAL COOPERATION</subfield>
        <subfield code="0">(DHLAUTH)268656</subfield>
    </datafield>
    <datafield tag="650" ind1=" " ind2=" ">
        <subfield code="a">PEACE</subfield>
        <subfield code="0">(DHLAUTH)268448</subfield>
    </datafield>
    <datafield tag="650" ind1=" " ind2=" ">
        <subfield code="a">ABACA</subfield>
        <subfield code="0">(DHLAUTH)271457</subfield>
    </datafield>
    <datafield tag="FFT" ind1=" " ind2=" ">
        <subfield code="a">http://undhl-dgacm.s3.amazonaws.com/Drop%2FESCWA_special%2Ftemp_id_7456%2FE_ECWA_SDP_84_CONF.2_3_REV.2-EN.pdf</subfield>
        <subfield code="d">English</subfield>
        <subfield code="n">E_ECWA_SDP_84_CONF-2_3_REV-2-EN.pdf</subfield>
    </datafield>
</record>