
<record>
    <datafield tag="191" ind1=" " ind2=" ">
        <subfield code="a">E/ECWA/STAT/84/25/ADD.1</subfield>
    </datafield>
    <datafield tag="245" ind1=" " ind2=" ">
        <subfield code="a">تقرير عن الدورة التدريبية في مجال مسوح نفقات ودخل الاسربالجمهورية العربية السورية دمشق 7/7 الى 26/7 ملحق تقرير منهجية مسوح نفقات ودخل الاسرة 1984</subfield>
    </datafield>
    <datafield tag="269" ind1=" " ind2=" ">
        <subfield code="a">19841126</subfield>
    </datafield>
    <datafield tag="650" ind1=" " ind2=" ">
        <subfield code="a">TECHNICAL TRAINING</subfield>
        <subfield code="0">(DHLAUTH)271971</subfield>
    </datafield>
    <datafield tag="650" ind1=" " ind2=" ">
        <subfield code="a">ADVISORY SERVICES</subfield>
        <subfield code="0">(DHLAUTH)269860</subfield>
    </datafield>
    <datafield tag="650" ind1=" " ind2=" ">
        <subfield code="a">HOUSEHOLD SURVEYS</subfield>
        <subfield code="0">(DHLAUTH)270181</subfield>
    </datafield>
    <datafield tag="650" ind1=" " ind2=" ">
        <subfield code="a">HOUSEHOLD EXPENDITURES</subfield>
        <subfield code="0">(DHLAUTH)269741</subfield>
    </datafield>
    <datafield tag="650" ind1=" " ind2=" ">
        <subfield code="a">WESTERN ASIA</subfield>
        <subfield code="0">(DHLAUTH)275490</subfield>
    </datafield>
    <datafield tag="650" ind1=" " ind2=" ">
        <subfield code="a">STATISTICAL METHODOLOGY</subfield>
        <subfield code="0">(DHLAUTH)269635</subfield>
    </datafield>
    <datafield tag="FFT" ind1=" " ind2=" ">
        <subfield code="a">http://undhl-dgacm.s3.amazonaws.com/Drop%2FESCWA_special%2Ftemp_id_7546%2FE_ECWA_STAT_84_25_ADD.1-AR.pdf</subfield>
        <subfield code="d">العربية</subfield>
        <subfield code="n">E_ECWA_STAT_84_25_ADD-1-AR.pdf</subfield>
    </datafield>
</record>