
<record>
    <datafield tag="191" ind1=" " ind2=" ">
        <subfield code="a">E/ECWA/TCT/84/3</subfield>
    </datafield>
    <datafield tag="245" ind1=" " ind2=" ">
        <subfield code="a">TRANSPORT HARMONIZATION AND STANDARDIZATION OF DOCUMENTS</subfield>
    </datafield>
    <datafield tag="269" ind1=" " ind2=" ">
        <subfield code="a">19840118</subfield>
    </datafield>
    <datafield tag="650" ind1=" " ind2=" ">
        <subfield code="a">CUSTOMS CONVENTIONS</subfield>
        <subfield code="0">(DHLAUTH)272856</subfield>
    </datafield>
    <datafield tag="650" ind1=" " ind2=" ">
        <subfield code="a">BORDER TRAFFIC</subfield>
        <subfield code="0">(DHLAUTH)269452</subfield>
    </datafield>
    <datafield tag="650" ind1=" " ind2=" ">
        <subfield code="a">TRANSIT</subfield>
        <subfield code="0">(DHLAUTH)269566</subfield>
    </datafield>
    <datafield tag="650" ind1=" " ind2=" ">
        <subfield code="a">STANDARDIZATION</subfield>
        <subfield code="0">(DHLAUTH)271816</subfield>
    </datafield>
    <datafield tag="650" ind1=" " ind2=" ">
        <subfield code="a">CUSTOMS DOCUMENTS</subfield>
        <subfield code="0">(DHLAUTH)272913</subfield>
    </datafield>
    <datafield tag="650" ind1=" " ind2=" ">
        <subfield code="a">CUSTOMS FORMALITIES</subfield>
        <subfield code="0">(DHLAUTH)272900</subfield>
    </datafield>
    <datafield tag="650" ind1=" " ind2=" ">
        <subfield code="a">MODEL FORMS</subfield>
        <subfield code="0">(DHLAUTH)269304</subfield>
    </datafield>
    <datafield tag="650" ind1=" " ind2=" ">
        <subfield code="a">TRADE DOCUMENTS</subfield>
        <subfield code="0">(DHLAUTH)269541</subfield>
    </datafield>
    <datafield tag="650" ind1=" " ind2=" ">
        <subfield code="a">PASSENGER TRANSPORT</subfield>
        <subfield code="0">(DHLAUTH)272482</subfield>
    </datafield>
    <datafield tag="650" ind1=" " ind2=" ">
        <subfield code="a">RECOMMENDATIONS</subfield>
        <subfield code="0">(DHLAUTH)275840</subfield>
    </datafield>
    <datafield tag="FFT" ind1=" " ind2=" ">
        <subfield code="a">http://undhl-dgacm.s3.amazonaws.com/Drop%2FESCWA_special%2Ftemp_id_7602%2FE_ECWA_TCT_84_3-EN.pdf</subfield>
        <subfield code="d">English</subfield>
        <subfield code="n">E_ECWA_TCT_84_3-EN.pdf</subfield>
    </datafield>
</record>