
<record>
    <datafield tag="191" ind1=" " ind2=" ">
        <subfield code="a">E/ECWA/XII/5/ADD.1/PART II</subfield>
    </datafield>
    <datafield tag="245" ind1=" " ind2=" ">
        <subfield code="a">REPORT ON THE ACTIVITIES OF THE COMMISSON. PROGRESS MADE IN THE IMPLEMENTATION OF THE WORK PROGRAMME. REPORT OF THE EXECUTIVE SECRETARY. TECHNICAL COOPERATION ACTIVITIES AND TECHNICAL ASSISTANCE PROJECTS</subfield>
    </datafield>
    <datafield tag="246" ind1=" " ind2=" ">
        <subfield code="a">تقرير عن نشاطات اللجنة التقدم المحرز في نتفيذ برنامج العمل : تقرير من الامين التنفيذى انشطة التعاون الفني ومشاريع المساعدة الفنية</subfield>
    </datafield>
    <datafield tag="269" ind1=" " ind2=" ">
        <subfield code="a">19850228</subfield>
    </datafield>
    <datafield tag="650" ind1=" " ind2=" ">
        <subfield code="a">TECHNICAL COOPERATION</subfield>
        <subfield code="0">(DHLAUTH)268658</subfield>
    </datafield>
    <datafield tag="650" ind1=" " ind2=" ">
        <subfield code="a">ADVISORY SERVICES</subfield>
        <subfield code="0">(DHLAUTH)269860</subfield>
    </datafield>
    <datafield tag="650" ind1=" " ind2=" ">
        <subfield code="a">PROJECT ACTIVITIES</subfield>
        <subfield code="0">(DHLAUTH)275801</subfield>
    </datafield>
    <datafield tag="FFT" ind1=" " ind2=" ">
        <subfield code="a">http://undhl-dgacm.s3.amazonaws.com/Drop%2FESCWA_special%2Ftemp_id_7641%2FE_ECWA_XII_5_ADD.1_PART%20II-AR.pdf</subfield>
        <subfield code="d">العربية</subfield>
        <subfield code="n">E_ECWA_XII_5_ADD-1_PARTII-AR.pdf</subfield>
    </datafield>
    <datafield tag="FFT" ind1=" " ind2=" ">
        <subfield code="a">http://undhl-dgacm.s3.amazonaws.com/Drop%2FESCWA_special%2Ftemp_id_7641%2FE_ECWA_XII_5_ADD.1_PART%20II-EN.pdf</subfield>
        <subfield code="d">English</subfield>
        <subfield code="n">E_ECWA_XII_5_ADD-1_PARTII-EN.pdf</subfield>
    </datafield>
</record>