
<record>
    <datafield tag="191" ind1=" " ind2=" ">
        <subfield code="a">E/ECWA/XII/5/ADD.9</subfield>
    </datafield>
    <datafield tag="245" ind1=" " ind2=" ">
        <subfield code="a">PROGRESS MADE IN THE IMPLEMENTATION OF THE WORK PROGRAMME/ MONETARY AND FINANCIAL ISSUES AND DEVELOPMENTS IN THE ECWA REGION: A MID-TERM REVIEW AND ANALYSIS, 1980-1984</subfield>
    </datafield>
    <datafield tag="246" ind1=" " ind2=" ">
        <subfield code="a">التقدم المحرز في نتفيذ برنامج العمل: تقرير الى اللجنة حول القضايا والتطورات النقدية والمالية قي منطقة الاكوا : إستعراض وتحليل لنصف العقد, 1980-1984</subfield>
    </datafield>
    <datafield tag="269" ind1=" " ind2=" ">
        <subfield code="a">19850228</subfield>
    </datafield>
    <datafield tag="650" ind1=" " ind2=" ">
        <subfield code="a">LOANS</subfield>
        <subfield code="0">(DHLAUTH)270076</subfield>
    </datafield>
    <datafield tag="650" ind1=" " ind2=" ">
        <subfield code="a">PUBLIC EXPENDITURES</subfield>
        <subfield code="0">(DHLAUTH)268927</subfield>
    </datafield>
    <datafield tag="650" ind1=" " ind2=" ">
        <subfield code="a">PETROLEUM REVENUES</subfield>
        <subfield code="0">(DHLAUTH)269856</subfield>
    </datafield>
    <datafield tag="650" ind1=" " ind2=" ">
        <subfield code="a">MONETARY ANALYSIS</subfield>
        <subfield code="0">(DHLAUTH)269750</subfield>
    </datafield>
    <datafield tag="FFT" ind1=" " ind2=" ">
        <subfield code="a">http://undhl-dgacm.s3.amazonaws.com/Drop%2FESCWA_special%2Ftemp_id_7649%2FE_ECWA_XII_5_ADD.9-AR.pdf</subfield>
        <subfield code="d">العربية</subfield>
        <subfield code="n">E_ECWA_XII_5_ADD-9-AR.pdf</subfield>
    </datafield>
    <datafield tag="FFT" ind1=" " ind2=" ">
        <subfield code="a">http://undhl-dgacm.s3.amazonaws.com/Drop%2FESCWA_special%2Ftemp_id_7649%2FE_ECWA_XII_5_ADD.9-EN.pdf</subfield>
        <subfield code="d">English</subfield>
        <subfield code="n">E_ECWA_XII_5_ADD-9-EN.pdf</subfield>
    </datafield>
</record>