
<record>
    <datafield tag="191" ind1=" " ind2=" ">
        <subfield code="a">E/ECWA/XII/7/ADD.1</subfield>
    </datafield>
    <datafield tag="245" ind1=" " ind2=" ">
        <subfield code="a">FOLLOW-UP ACTION AT THE REGIONAL LEVEL OF THE UNITED NATIONS WORLD CONFERENCES AND ECWA REGIONAL MEETINGS/ INTERNATIONAL CONFERENCES ON POPULATION (MEXICO CITY):RESOLUTION 128 (XI)/ REGIONAL PREPARATORY MEETING FOR THE WORLD CONFERENCE OF THE UNITED NATIONS DECADE FOR WOM.</subfield>
    </datafield>
    <datafield tag="246" ind1=" " ind2=" ">
        <subfield code="a">اعمال المتابعة على الصعيد الإقليمي للمؤتمرات العالمية اللامم المتحدة والإجتماعات الإقليمية للجنة : المؤتمر الدولي المعني بالسكان مكسيكو سيتي القرار رقم 128 د-11والإجتماع التحضيري الإقليمي للمؤتمر العالمي لعقد الأمم المتحدة للمراة بغداد</subfield>
    </datafield>
    <datafield tag="269" ind1=" " ind2=" ">
        <subfield code="a">19850311</subfield>
    </datafield>
    <datafield tag="650" ind1=" " ind2=" ">
        <subfield code="a">RESOLUTIONS AND DECISIONS</subfield>
        <subfield code="0">(DHLAUTH)275677</subfield>
    </datafield>
    <datafield tag="650" ind1=" " ind2=" ">
        <subfield code="a">POPULATION</subfield>
        <subfield code="0">(DHLAUTH)272994</subfield>
    </datafield>
    <datafield tag="650" ind1=" " ind2=" ">
        <subfield code="a">WOMEN IN DEVELOPMENT</subfield>
        <subfield code="0">(DHLAUTH)269878</subfield>
    </datafield>
    <datafield tag="650" ind1=" " ind2=" ">
        <subfield code="a">ACTIVITIES</subfield>
        <subfield code="0">(DHLAUTH)275823</subfield>
    </datafield>
    <datafield tag="FFT" ind1=" " ind2=" ">
        <subfield code="a">http://undhl-dgacm.s3.amazonaws.com/Drop%2FESCWA_special%2Ftemp_id_7654%2FE_ECWA_XII_7_ADD.1-AR.pdf</subfield>
        <subfield code="d">العربية</subfield>
        <subfield code="n">E_ECWA_XII_7_ADD-1-AR.pdf</subfield>
    </datafield>
    <datafield tag="FFT" ind1=" " ind2=" ">
        <subfield code="a">http://undhl-dgacm.s3.amazonaws.com/Drop%2FESCWA_special%2Ftemp_id_7654%2FE_ECWA_XII_7_ADD.1-EN.pdf</subfield>
        <subfield code="d">English</subfield>
        <subfield code="n">E_ECWA_XII_7_ADD-1-EN.pdf</subfield>
    </datafield>
</record>