
<record>
    <datafield tag="191" ind1=" " ind2=" ">
        <subfield code="a">E/ECWA/XII/CP/3/REV.3</subfield>
    </datafield>
    <datafield tag="245" ind1=" " ind2=" ">
        <subfield code="a">INVITATION TO STATES MEMBERS OF THE UNITED NATIONS OR OF THE SPECIALIZED AGENCIES NOT MEMBERS OF THE COMMISSION TO PARTICIPATE IN A CONSULTATIVE CAPACITY IN THE ACTIVITIES OF THE THIRD SESSION OF THE TECHNICAL COMMITTEE</subfield>
    </datafield>
    <datafield tag="246" ind1=" " ind2=" ">
        <subfield code="a">دعوة الدول الاعضاء في الامم المتحدة او في الوكالات المتخصصة, والتي ليست اعضاء في الاكوا, للاشتراك بصفة استشارية في اعمال الدورة الثالثة للجنة الفنية (مذكرة من الامين التنفيذي).</subfield>
    </datafield>
    <datafield tag="269" ind1=" " ind2=" ">
        <subfield code="a">19850423</subfield>
    </datafield>
    <datafield tag="650" ind1=" " ind2=" ">
        <subfield code="a">CONFERENCES</subfield>
        <subfield code="0">(DHLAUTH)275758</subfield>
    </datafield>
    <datafield tag="650" ind1=" " ind2=" ">
        <subfield code="a">WESTERN ASIA</subfield>
        <subfield code="0">(DHLAUTH)275490</subfield>
    </datafield>
    <datafield tag="FFT" ind1=" " ind2=" ">
        <subfield code="a">http://undhl-dgacm.s3.amazonaws.com/Drop%2FESCWA_special%2Ftemp_id_7664%2FE_ECWA_XII_CP_3_REV.3-AR.pdf</subfield>
        <subfield code="d">العربية</subfield>
        <subfield code="n">E_ECWA_XII_CP_3_REV-3-AR.pdf</subfield>
    </datafield>
    <datafield tag="FFT" ind1=" " ind2=" ">
        <subfield code="a">http://undhl-dgacm.s3.amazonaws.com/Drop%2FESCWA_special%2Ftemp_id_7664%2FE_ECWA_XII_CP_3_REV.3-EN.pdf</subfield>
        <subfield code="d">English</subfield>
        <subfield code="n">E_ECWA_XII_CP_3_REV-3-EN.pdf</subfield>
    </datafield>
</record>