
<record>
    <datafield tag="191" ind1=" " ind2=" ">
        <subfield code="a">E/ECWA/XI/15/REV.1</subfield>
    </datafield>
    <datafield tag="245" ind1=" " ind2=" ">
        <subfield code="a">DECENTRALIZATION: GENERAL ASSEMBLY RESOLUTION 32/197 ON RESTRUCTURING OF THE ECONOMIC AND SOCIAL SECTORS OF THE UNITED NATIONS SYSTM</subfield>
    </datafield>
    <datafield tag="246" ind1=" " ind2=" ">
        <subfield code="a">إسناد الصلاحيات المركزية الى اللجان الإقليمية: قرار الجمعية العامة 32/197 بشأن إعادة تشكيل القطاعين الإقتصادي و الإجتماعي في منظومة الأمم المتحدة</subfield>
    </datafield>
    <datafield tag="269" ind1=" " ind2=" ">
        <subfield code="a">19840415</subfield>
    </datafield>
    <datafield tag="650" ind1=" " ind2=" ">
        <subfield code="a">OPERATIONAL ACTIVITIES</subfield>
        <subfield code="0">(DHLAUTH)269992</subfield>
    </datafield>
    <datafield tag="650" ind1=" " ind2=" ">
        <subfield code="a">DECENTRALIZATION IN MANAGEMENT</subfield>
        <subfield code="0">(DHLAUTH)268330</subfield>
    </datafield>
    <datafield tag="FFT" ind1=" " ind2=" ">
        <subfield code="a">http://undhl-dgacm.s3.amazonaws.com/Drop%2FESCWA_special%2Ftemp_id_7686%2FE_ECWA_XI_15_REV.1-AR.pdf</subfield>
        <subfield code="d">العربية</subfield>
        <subfield code="n">E_ECWA_XI_15_REV-1-AR.pdf</subfield>
    </datafield>
    <datafield tag="FFT" ind1=" " ind2=" ">
        <subfield code="a">http://undhl-dgacm.s3.amazonaws.com/Drop%2FESCWA_special%2Ftemp_id_7686%2FE_ECWA_XI_15_REV.1-EN.pdf</subfield>
        <subfield code="d">English</subfield>
        <subfield code="n">E_ECWA_XI_15_REV-1-EN.pdf</subfield>
    </datafield>
</record>